@book{langsci-current-book, editor = {Tue Trinh and Anton Benz and Daniel Goodhue and Kazuko Yatsushiro and Manfred Krifka}, title = {{Biased questions}}, subtitle = {{Experimental results and theoretical modelling}},year = {2025}, series = {Topics at the Grammar-Discourse Interface}, number = {11}, location = {Berlin}, publisher = {Language Science Press}, options = {dataonly=true} } 
