%% This BibTeX bibliography file was created using BibDesk.
%% https://bibdesk.sourceforge.io/

%% Created for Yan at 2024-12-17 17:05:46 +0100 


%% Saved with string encoding Unicode (UTF-8) 

@unpublished{sailor2012a,
	author = {Sailor, Craig},
	ids = {sailor2012remarks, sailor2012},
	note = {Talk presented at the \textit{{L}inguistic {S}ociety of {A}merica 2012 {A}nnual {M}eeting}},
	title = {Remarks on replies: {O}n emphatic polarity in {{{{E}}}}nglish},
	year = {2012}
}

@unpublished{Sider2022,
	author = {Sider, Theodore},
	ids = {sider22},
	note = {Ms. Rutgers University},
	title = {Slightly rising declaratives},
	year = {2022}
}

@unpublished{Mari2010,
	author = {Mari, Alda},
	ids = {mari2010},
	note = {working paper or preprint},
	pdf = {https://hal.science/ijn_00678549v1/file/Evidential_Future_Italian.pdf},
	title = {On the evidential nature of the {I}talian future},
	url = {https://hal.science/ijn_00678549/document},
	year = {2010}
}

@unpublished{Buring2000,
	author = {Büring, Daniel and Gunlogson, Christine},
	ids = {buring2000, buringgunlogson2000positive, buring+gunlogson, BG, buring_arent1_2000, buring-gunlogson, BueGun2000},
	note = {Unpublished manuscript retrieved from semanticsarchive, UCLA \& UCSC},
	title = {Aren't positive and negative polar questions the same?},
	url = {http://hdl.handle.net/1802/1432},
	year = {2000}
}

@phdthesis{ladusaw1979,
	author = {Ladusaw, William},
	ids = {Ladusaw:1979},
	school = {University of Texas Austin},
	title = {Polarity sensitivity as inherent scope relations},
	year = {1979}
}

@phdthesis{Westera2017,
	address = {Amsterdam},
	author = {Westera, Matthijs},
	ids = {westera17},
	school = {Institute for {L}ogic, {L}anguage \& {C}omputation, {U}niversity of {A}msterdam},
	title = {Exhaustivity and intonation: {A} unified theory},
	year = {2017}
}

@phdthesis{Veloudis1980,
	author = {Veloudis, Ioannis},
	school = {University of Reading},
	title = {Negation in {M}odern {G}reek},
	year = {1980}
}

@phdthesis{Varga2021,
	author = {Varga, Marianna},
	ids = {varga2021},
	school = {University of Szeged},
	title = {Magyar büntet{\H o}peres bírósági kihallgatások komplex nyelvészeti elemzése [{A} complex linguistic analysis of interrogations in criminal proceedings]},
	year = {2021}
}

@phdthesis{Vanrell2011,
	author = {Vanrell, Maria del Mar},
	ids = {vanrell2011aa},
	school = {Universitat Autònoma de Barcelona},
	title = {The phonological relevance of tonal scaling in the intonational grammar of {{{Catalan}}}},
	year = {2011}
}

@phdthesis{Uegaki2015,
	author = {Wataru Uegaki},
	ids = {uegaki2015},
	school = {{MIT}},
	title = {Interpreting questions under attitudes},
	year = {2015}
}

@phdthesis{Snider2017,
	author = {Snider, Todd},
	school = {Cornell University},
	title = {Anaphoric reference to propositions},
	year = {2017}
}

@phdthesis{Sheil2016,
	author = {Sheil, Christine M.},
	ids = {sheil16},
	school = {University of California at Berkeley},
	title = {{{{Scottish}}} {{{Gaelic}}} clefts: {S}yntax, semantics and pragmatics},
	year = {2016}
}

@phdthesis{Seeliger2019,
	author = {Heiko Seeliger},
	doi = {10.18452/19686},
	ids = {Seeliger2019Swedish},
	school = {Humboldt-Universität zu Berlin},
	title = {{S}wedish and {G}erman rejecting questions},
	year = {2019}
}

@phdthesis{Savino1997,
	author = {Savino, Michelina},
	ids = {savino1997},
	school = {Università/Politecnico di Bari},
	title = {Il ruolo dell'intonazione nell'interazione comunicativa: {{A}}nalisi strumentale delle domande polari in un corpus di dialoghi spontanei (varietà di {Bari}) [{T}he role of intonation in communicative interaction: {I}nstrumental analysis of polar questions in a corpus of spontaneous dialogues ({Bari} variety)]},
	year = {1997}
}

@phdthesis{Samko2016,
	address = {Santa Cruz, CA},
	author = {Samko, Bern},
	school = {University of California Santa Cruz},
	title = {Syntax \& information structure: {{T}}he grammar of {{{{E}}}}nglish inversions},
	type = {Doctoral dissertation},
	year = {2016}
}

@phdthesis{Rudin2018,
	address = {Santa Cruz},
	author = {Rudin, Deniz},
	ids = {rudin18},
	school = {University of California Santa Cruz},
	title = {Rising above commitment},
	year = {2018}
}

@phdthesis{Rooth1985,
	author = {Rooth, Mats},
	school = {University of Massachusetts},
	title = {Association with focus},
	type = {Doctoral dissertation},
	year = {1985}
}

@phdthesis{Rett2008,
	author = {Rett, Jessica},
	school = {Rutgers, The State University of New Jersey},
	title = {Degree modification in natural language},
	type = {Doctoral dissertation},
	year = {2008}
}

@phdthesis{Reese2007,
	author = {Reese, Brian Jon},
	ids = {reese_bias_2007},
	school = {The University of Texas at Austin},
	title = {Bias in questions},
	type = {Doctoral dissertation},
	year = {2007}
}

@phdthesis{Pierrehumbert1980,
	address = {Cambridge},
	author = {Pierrehumbert, Janet},
	ids = {pierrehumbert80},
	school = {Massachusetts Institute of Technology},
	title = {The phonology and phonetics of {{{{E}}}}nglish intonation},
	year = {1980}
}

@phdthesis{Northrup2014,
	address = {Santa Cruz, CA},
	author = {Northrup, Oliver Burton},
	ids = {northrup2014, Northrup, northrup_grounds_2014},
	school = {University of California Santa Cruz},
	title = {Grounds for commitment},
	year = {2014}
}

@phdthesis{Nilsenova2006,
	address = {Amsterdam},
	author = {Nilsenovà, Marie},
	ids = {nilsenova06, nilsenova_rises_2006},
	school = {Institute for {L}ogic, {L}anguage \& {C}omputation, {U}niversity of {A}msterdam},
	title = {Rises and Falls: {S}tudies in the Semantics and Pragmatics of Intonation},
	year = {2006}
}

@phdthesis{McLemore1991,
	address = {Austin},
	author = {McLemore, Cynthia Ann},
	ids = {mclemore91},
	school = {University of Texas at Austin},
	title = {The pragmatic interpretation of {{{{E}}}}nglish intonation: {S}orority speech},
	year = {1991}
}

@phdthesis{McDowell1987,
	author = {McDowell, Joyce P.},
	ids = {mcdowell1987},
	school = {University of Southern California},
	title = {Assertion and modality},
	year = {1987}
}

@phdthesis{Lauer2013,
	address = {Stanford, CA},
	author = {Lauer, Sven},
	ids = {lauer13},
	school = {Stanford University},
	title = {Towards a dynamic pragmatics},
	year = {2013}
}

@phdthesis{Laka1990,
	author = {Laka, Itziar},
	school = {MIT},
	title = {Negation in syntax: {{O}}n the nature of functional categories and projections},
	type = {Doctoral dissertation},
	year = {1990}
}

@phdthesis{Kamali2011b,
	author = {Kamali, Beste},
	ids = {kamali-diss},
	school = {Harvard University},
	title = {Topics at the {{{{PF}}}} interface of {T}urkish},
	year = {2011}
}

@phdthesis{Jamieson2018phd,
	address = {Edinburgh},
	author = {E. Jamieson},
	school = {University of Edinburgh},
	title = {Questions, biases and `negation': {{{{E}}}}vidence from {S}cots varieties},
	year = {2018}
}

@phdthesis{Higginson1985,
	author = {Roy P. Higginson},
	ids = {higg1985},
	school = {Washington {S}tate {U}niversity},
	title = {Fixing-assimilation in language acquisition},
	year = {1985}
}

@phdthesis{Heim2019,
	author = {Heim, Johannes M.},
	doi = {10.14288/1.0380772},
	school = {University of British Columbia},
	title = {Commitment and engagement: {T}he role of intonation in deriving speech acts},
	year = {2019}
}

@phdthesis{Hacquard2006,
	address = {Cambridge},
	author = {Hacquard, Valentine},
	ids = {hacquard2006},
	school = {Massachusetts Institute of Technology},
	title = {Aspects of modality},
	year = {2006}
}

@phdthesis{Groenendijk1984,
	author = {Groenendijk, Jeroen and Stokhof, Martin},
	ids = {groenendijk1984semantics, groenendijk_studies_1984},
	school = {University of Amsterdam},
	title = {Studies in the semantics of questions and the pragmatics of answers},
	year = {1984}
}

@phdthesis{Goodhue2018b,
	address = {Montreal},
	author = {Goodhue, Daniel},
	school = {McGill University},
	title = {On asking and answering biased polar questions},
	year = {2018}
}

@phdthesis{Giannakidou1997,
	author = {Giannakidou, Anastasia},
	ids = {giannakidou1997},
	school = {University of Groningen, Amsterdam},
	title = {The landscape of polarity items},
	year = {1997}
}

@phdthesis{Davis2011,
	author = {Davis, Christopher},
	ids = {Davis2},
	school = {University of Massachusetts, Amherst},
	title = {Constraining interpretation: {{S}}entence final particles in {J}apanese},
	year = {2011}
}

@phdthesis{Ceong2019,
	address = {Victoria},
	author = {Hailey Hyekyeong Ceong},
	ids = {ceong2019},
	school = {University of {V}ictoria},
	title = {The morphosyntax of clause typing: {{S}}ingle, double, periphrastic, and multifunctional complementizers in {K}orean},
	year = {2019}
}

@phdthesis{Bhadra2017,
	author = {Bhadra, Diti},
	ids = {bhadra2017},
	school = {Rutgers, The State University of New Jersey-New Brunswick},
	title = {Evidentiality and questions: {B}angla at the interfaces},
	year = {2017}
}

@phdthesis{Bartels1997,
	author = {Bartels, Christine},
	ids = {Bartels},
	school = {University of Massachusetts, Amherst},
	title = {Towards a compositional interpretation of {{{{E}}}}nglish statement and question intonation},
	year = {1997}
}

@phdthesis{AnderBois2011,
	author = {AnderBois, Scott},
	ids = {anderbois_issues_2011},
	school = {University of California at Santa Cruz (UCSC)},
	title = {Issues and Alternatives},
	year = {2011}
}

@misc{kn-talk,
	author = {Kamali, Beste and Nakamura, Takanobu},
	note = {Presented at Polar Questions Across Languages (POQAL },
	title = {Toward a crosslinguistically viable account of evidential bias},
	url = {https://drive.google.com/file/d/1BD5phHn2cINQFvyMw6IDzbvce0d1tnyZ/view},
	urldate = 12.4.2024,
	year = {2024}
}

@misc{Wiltschko2021a,
	author = {Martina Wiltschko and Johannes Heim},
	ids = {wiltheim2021},
	note = {Paper presented at the Linguistics Association of Great Britain Annual Meeting 2021, 6--9 September 2021, held online},
	title = {Acquiring the form and function of interactional language},
	year = {2021}
}

@misc{Veilleux2006,
	author = {Veilleux, Nanette and Shattuck-Hufnagel, Stefanie and Brugos, Alejna},
	ids = {veilleux06},
	note = {Creative Commons {BY-NC-SA}},
	title = {Transcribing prosodic structure of spoken utterances with {{{{ToBI}}}}},
	year = {2006}
}

@misc{Trinh2010,
	author = {Tue Trinh},
	ids = {trinh2010asking},
	note = {Talk given at the South East Asian Linguistics Society {SEALS} 20, Zürich},
	title = {Asking with assertions},
	year = {2010}
}

@misc{Sailor2012,
	author = {Craig Sailor},
	note = {Ms., UCLA},
	title = {Tag structures and the typology of {{{VP}}} ellipsis},
	year = {2012}
}

@misc{Roelofsen2018,
	author = {Floris Roelofsen},
	ids = {roelofsen2018npis},
	note = {Talk given at {NYU} {L}inguistics {C}olloquium},
	title = {{{{{NPI}}}s} in questions},
	year = {2018}
}

@misc{Potts2007,
	author = {Potts, Christopher},
	ids = {Potts},
	note = {Course for LSA institute. Retrieved from http://www.christopherpotts.net/ling/teaching/lsa108P/},
	title = {Logic for linguists},
	year = {2007}
}

@misc{Matthewson2022,
	author = {Matthewson, Lisa},
	ids = {matthewson2022},
	note = {Ms. UBC},
	title = {Gitksan polar questions: {{N}}egative or not?},
	year = {2022}
}

@misc{Macuch2021,
	author = {Macuch Silva, Vinicius and Jamieson, E},
	ids = {macuch_processing_inprep},
	note = {Manuscript in preparation. lingbuzz/008832},
	title = {Interpreting questions with epistemic biases and tracking questioner beliefs in online processing},
	url = {https://lingbuzz.net/lingbuzz/008832},
	year = {2025}
}

@misc{Krifka2014b,
	author = {Manfred Krifka},
	howpublished = {Ms. {HU} Berlin},
	ids = {krifka14-f},
	title = {Focus and contrastive topics in question and answer acts.},
	year = {2014}
}

@misc{Krifka1991,
	author = {Manfred Krifka},
	ids = {krifka1991some},
	note = {Manuscript, University at Texas Austin},
	title = {Some remarks on polarity items},
	year = {1991}
}

@misc{KamaliReview,
	author = {Kamali, Beste},
	ids = {bimono},
	note = {Ms. ZAS},
	pubstate = {in review},
	title = {Motivating a duality of primary polar question meanings},
	url = {https://lingbuzz.net/lingbuzz/005477/current.pdf}
}

@misc{Gyuris2021,
	author = {Gyuris, Beáta and Molnár, Cecília Sarolta and Mády, Katalin},
	ids = {gyuris+molnar+mady2021},
	note = {Poster presented at the 4th {Experimental {P}ragmatics in {{{Italy}}}} ({XPRAG.it}) conference, University of Turin},
	title = {Experimenting with the bias profiles of (positive) polar interrogatives in {H}ungarian},
	year = {2021}
}

@misc{Gyuris2020,
	author = {Gyuris, Beáta and Molnár, Cecília Sarolta and Mády, Katalin},
	ids = {gyuris+molnar+mady2020},
	note = {Poster presented at the 13th conference on Syntax, Phonology, and Language Analysis, 24-26 September, 2020, Research Institute for Linguistics, {B}udapest},
	title = {Division of labour between polar interrogatives in {H}ungarian: {A} study in dialect semantics},
	year = {2020}
}

@misc{Gu2011,
	author = {Gu, Chloe Chenjie and Tom Roeper},
	ids = {guroeper2011},
	note = {Ms., University of Massachusetts Amherst},
	title = {Acquisition arguments for a {G}eneral {P}oint of {V}iew as an alternative to relativism and subjectivity},
	year = {2011}
}

@misc{Goodhue2022a,
	author = {Daniel Goodhue},
	ids = {goodhue2022allc},
	note = {Slides presented at the 23rd Amsterdam Colloquium, 19th December 2022. Retrieved 12th April 2023 from https://danielgoodhue.com/s/ac.pdf},
	title = {Bias in high negation questions as a quantity implicature in commitment space semantics},
	year = {2022}
}

@misc{Giannakidou2022,
	author = {Giannakidou, Anastasia},
	ids = {giannakidou2022},
	title = {Questions and reflections: {G}reek modal particles in questions},
	year = {2022}
}

@misc{Fu2021,
	author = {Fu, Boer},
	note = {Massachusetts Institute of Technology},
	title = {Negative yes/no questions in {M}andarin: {{{{{E}}}}}vidence for {V{E}RUM}},
	url = {https://fuboer.github.io/website/Boer_Fu_negative_yes_no_question_in_Mandarin.pdf},
	year = {2021}
}

@misc{Farkas2020,
	author = {Farkas, Donka F.},
	howpublished = {Ms. UC Santa Cruz / Princeton University, semanticsarchive.net},
	title = {Canonical and non canonical questions},
	year = {2020}
}

@misc{Drubig2001,
	author = {Drubig, Hans Bernhard},
	ids = {drubig2001},
	note = {Ms, University of Tübingen},
	title = {On the syntactic form of epistemic modality},
	year = {2001}
}

@misc{Crnic2019,
	author = {Luka Crnič},
	ids = {crnic2019pruning},
	note = {Manuscript, The {H}ebrew {U}niversity of {J}erusalem},
	title = {Any, alternatives, and pruning},
	year = {2019}
}

@misc{Cormack2012,
	author = {Cormack, Annabel and Smith, Neil},
	ids = {cormack_english1_2012},
	note = {Available at lingbuzz/001615, retrieval date: May 22 2025},
	title = {The {{{{{{E}}}}}}nglish {E}xtended Verbal Projection},
	year = {2012}
}

@misc{Christensen2019,
	author = {Rune Haubo Bojesen Christensen},
	ids = {christ19},
	note = {{CRAN} {R}epository. {V}ersion 2012.09-11},
	title = {Package ordinal: {R}egression models for ordinal data},
	url = {https://github.com/runehaubo/ordinal},
	year = {2019}
}

@misc{Ceong2017,
	author = {Hyekyeong Hailey Ceong},
	ids = {ceong2017},
	note = {Slides from a talk presented at the Workshop at the 12th Biannual Meeting of the Association of Typology at the Australian National University in Canberra, December 15 2017},
	title = {First- and second-hand speech contrasts as a syntactic domain: {{T}}he grounding spine},
	year = {2017}
}

@mastersthesis{Trinh2005,
	author = {Tue Trinh},
	ids = {trinh2005aspects},
	school = {Humboldt-Universität zu Berlin},
	title = {Aspects of Clause Structure in {V}ietnamese},
	year = {2005}
}

@inproceedings{torres2012,
	author = {Torres Bustamante, Teresa},
	booktitle = {Semantics and {L}inguistic {T}heory ({{{{SALT}}}}) 22},
	doi = {10.3765/salt.v22i0.2650},
	ids = {bustamente2012real},
	pages = {347--364},
	title = {Real tense and real aspect in mirativity},
	year = {2012}
}

@inproceedings{roelofsen2013,
	author = {Roelofsen, Floris and Venhuizen, Noortje and Weidman Sassoon, Galit},
	booktitle = {{S}inn und {B}edeutung 17},
	ids = {roelofsen-etal2013},
	pages = {455--472},
	title = {Positive and negative polar questions in discourse},
	year = {2013}
}

@inproceedings{krifka2013,
	author = {Krifka, Manfred},
	booktitle = {Semantics and {L}inguistic {T}heory ({{{{SALT}}}}) 23},
	ids = {krifka2013response},
	pages = {1--18},
	title = {Response particles as propositional anaphors},
	year = {2013}
}

@inproceedings{Zahner2020,
	author = {Zahner, Katharina and Xu, Manluolan and Chen, Yiya and Dehé, Nicole and Braun, Bettina},
	booktitle = {{S}peech {P}rosody 10},
	ids = {Zahner+2020},
	pages = {389--393},
	title = {The prosodic marking of rhetorical questions in {S}tandard {C}hinese},
	year = {2020}
}

@inproceedings{Yuan2019,
	author = {Yuan, Mengxi and Hara, Yurie},
	booktitle = {12th {G}enerative {L}inguistics in the {O}ld {W}orld ({{{{GLOW}}}}) \& 21st {S}eoul {I}nternational {C}onference on {G}enerative {G}rammar},
	ids = {YuanHaraGlowinAsia2019},
	pages = {585--594},
	title = {{M}andarin polar questions: {{T}}heir answers, contextual requirements and intonation},
	year = {2019}
}

@inproceedings{Ye2021,
	author = {Ye, Shumian},
	booktitle = {Semantics and {L}inguistic {T}heory ({{{{SALT}}}}) 30},
	ids = {ye21},
	pages = {355--375},
	title = {From maximality to bias: {{B}}iased {A}-not-{A} questions in {M}andarin {C}hinese},
	year = {2021}
}

@inproceedings{Xu2012,
	author = {Xu, Bo Robert and Mok, Peggy},
	booktitle = {{S}peech {P}rosody 6},
	ids = {Xu+2012b},
	pages = {99--102},
	title = {Cross-linguistic perception of intonation by {M}andarin and {C}antonese listeners},
	year = {2012}
}

@inproceedings{Woods2021a,
	address = {Somerville},
	author = {Rebecca Woods and Tom Roeper},
	booktitle = {45th {B}oston {{{{U}}}}niversity {C}onference on {L}anguage {D}evelopment},
	ids = {Woods2021, woodsroeper2021},
	pages = {761--775},
	publisher = {Cascadilla Press},
	title = {The acquisition path of ``high'' negation in {{{{E}}}}nglish},
	year = {2021}
}

@inproceedings{Westera2013,
	author = {Westera, Matthijs},
	booktitle = {Semantics and {P}ragmatics of {D}ialogue ({D}ialdam)},
	editor = {Fernández, Raquel and Isard, Amy},
	ids = {westera13},
	pages = {150--159},
	title = {Attention, {I}'m violating a maxim!},
	volume = {17},
	year = {2013}
}

@inproceedings{Varga2010,
	address = {Budapest},
	author = {Varga, László},
	booktitle = {The {{{E}}}ven {Y}earbook 9},
	ids = {varga2010},
	pages = {1--27},
	publisher = {Department of {E}nglish Linguistics, Eötvös Loránd University},
	sortname = {Varga, Laszlo},
	title = {Boundary tones and the lack of intermediate phrase in {H}ungarian (revisiting the {H}ungarian calling contour)},
	year = {2010}
}

@inproceedings{VanRooy2003,
	address = {Cornell University, Ithaca},
	author = {Van Rooy, Robert and Šafářová, Maria},
	booktitle = {Semantics and {L}inguistic {T}heory ({{{{SALT}}}}) 13},
	editor = {Young, Robert B. and Yuping Zhou},
	ids = {van_rooij_polar_2003, vanRooij2003, vanrooysafarova2003polar, vs, vanRooij2003, van2003, rooij2003negative},
	pages = {292--309},
	publisher = {{CLC} Publications},
	title = {On polar questions},
	year = {2003}
}

@inproceedings{Umbach2011,
	author = {Umbach, Carla},
	booktitle = {Proceedings of workshop ``{S}calarity in {V}erb-based {C}onstructions''},
	publisher = {Heinrich-Heine-Universität Düsseldorf},
	title = {Intensifiers and measure phrases combined with verbs},
	year = {2011}
}

@inproceedings{Tsui2018,
	author = {Tsui, Rachel Ka-Ying and Tong, Shelley Xiuli},
	booktitle = {{S}peech {P}rosody 9},
	ids = {Tsui+2018},
	pages = {45--49},
	title = {An Acoustic Study of the Effect of the Interaction between Intonation and Lexical Tones on the Realization of {C}antonese Sentence-final Particles},
	year = {2018}
}

@inproceedings{Tsoulas1999,
	author = {George Tsoulas and Murat Kural},
	booktitle = {{{{West}}} {C}oast {C}onference on {F}ormal {L}inguistics ({{{{WCCFL}}}}) 18},
	editor = {Sonya Bird, Andrew Carnie, Jason D. Haugen and Peter Norquest},
	ids = {tsoulaskural1999},
	pages = {545--557},
	title = {Indexical pronouns as bound variables},
	year = {1999}
}

@inproceedings{Truckenbrodt2009,
	author = {Truckenbrodt, Hubert},
	booktitle = {Conference on Interfaces Discourse \& Prosody ({{{IDP}}})},
	ids = {truckenbrodt09},
	pages = {33--46},
	title = {On rises and falls in interrogatives},
	year = {2009}
}

@inproceedings{Trinh2011b,
	author = {Tue Trinh},
	booktitle = {{S}inn und {B}edeutung 15},
	ids = {trinh2011nominal},
	pages = {629--644},
	title = {Nominal reference in two classifier languages},
	year = {2011}
}

@inproceedings{Trinh2011a,
	author = {Trinh, Tue and Crnič, Luka},
	booktitle = {{S}inn und {B}edeutung 15},
	editor = {Horch, Eva and Pauly, Dennis and Reich, Ingo},
	ids = {trinh11, Trinh2011},
	pages = {645--660},
	sortname = {Trinh, Tue and Crnic, Luka},
	title = {On the rise and fall of declaratives},
	url = {https://ojs.ub.uni-konstanz.de/sub/index.php/sub/article/view/405},
	year = {2011}
}

@inproceedings{Tonhauser2016,
	author = {Tonhauser, Judith},
	booktitle = {Semantics and {L}inguistic {T}heory ({{{{SALT}}}}) 26},
	editor = {Mary Moroney and Carol-Rose Little and Jacob Collard and Dan Burgdorf},
	pages = {934--960},
	title = {Prosodic cues to presupposition projection},
	year = {2016}
}

@inproceedings{Tonhauser2012,
	author = {Tonhauser, Judith},
	booktitle = {Proceedings of {S}emantics of {{{{{{U}}}}}}nder-{R}epresented {L}anguages of the {A}mericas ({{S{{{{{U}}}}}{{LA}}}}) 6},
	ids = {Tonhauser},
	pages = {239--254},
	title = {Diagnosing (not-)at-issue content},
	year = {2012}
}

@inproceedings{Shokeir2008,
	author = {Shokeir, Vanessa},
	booktitle = {University of {{{{Pennsylvania}}}} working papers in linguistics},
	editor = {Gorman, Kyle},
	ids = {shokeir08},
	number = {2},
	pages = {16--24},
	title = {{{{{{E}}}}}vidence for the stable use of uptalk in {S}outh {O}ntario {{{{{{E}}}}}}nglish},
	url = {https://repository.upenn.edu/pwpl/vol14/iss2/4/},
	volume = {14},
	year = {2008}
}

@inproceedings{Seeliger2015,
	author = {Heiko Seeliger},
	booktitle = {Sinn und {B}edeutung 19},
	ids = {Seeliger15},
	pages = {591--609},
	title = {`{S}urely that's not a negative declarative question?': {{P}}olar discourses in {S}wedish, {G}erman and {{{{E}}}}nglish},
	year = {2015}
}

@inproceedings{Schwarz2018,
	author = {Schwarz, Bernhard and Simonenko, Alexandra},
	booktitle = {Semantics and {L}inguistic {T}heory ({{{{SALT}}}}) 28},
	editor = {Sireemas Maspong and Brynhildur Stefánsdóttir and Katherine Blake and Forrest Davis},
	ids = {schwarz+simonenko},
	pages = {533--545},
	title = {On the logical makeup of \textit{how}- and \textit{why}-questions},
	year = {2018}
}

@inproceedings{Sailor2013,
	address = {University of Michigan},
	author = {Sailor, Craig},
	booktitle = {{{{{LSA}}}} {A}nnual {M}eeting},
	ids = {sailor_questionable1_2013},
	note = {Presentation given at {LSA} {A}nnual {M}eeting, 2nd {J}anuary},
	title = {Questionable negation},
	year = {2013}
}

@inproceedings{Safarova2005,
	author = {Marie Šafářová},
	booktitle = {Sinn und {B}edeutung 9},
	editor = {Corien Bary, Emar Maier and Janneke Huitink},
	ids = {Safarova05},
	pages = {355--369},
	sortname = {Marie Safarova},
	title = {The semantics of rising intonation in interrogatives and declaratives},
	year = {2005}
}

@inproceedings{Romero2015,
	address = {Göttingen: University of Göttingen},
	author = {Romero, Maribel},
	booktitle = {{S}inn und {B}edeutung 19},
	editor = {Eva Csipak and Hedde Zeijlstra},
	ids = {romero_high_2015, Romero15},
	pages = {499--516},
	title = {High negation in subjunctive conditionals and polar questions},
	year = {2015}
}

@inproceedings{Roelofsen2012,
	address = {Göttingen: University of Göttingen},
	author = {Roelofsen, Floris and Venhuizen, Noortje and Weidman Sassoon, Galit},
	booktitle = {{S}inn und {B}edeutung 17},
	ids = {roelofsen_positive_2012},
	pages = {519--536},
	title = {Positive and negative questions in discourse},
	year = {2013}
}

@inproceedings{Rett2013,
	author = {Rett, Jessica and Murray, Sarah E.},
	booktitle = {Semantics and {L}inguistic {T}heory ({{{{SALT}}}})},
	doi = {10.3765/salt.v23i0.2687},
	editor = {Snider, Todd},
	ids = {Rett2013-RETASA},
	pages = {453--472},
	publisher = {{CLC} Publications},
	title = {A semantic account of mirative evidentials},
	volume = {23},
	year = {2013}
}

@inproceedings{Reese2006a,
	address = {Barcelona: Universitat Pompeu Fabra},
	author = {Reese, Brian and Asher, Nicholas},
	booktitle = {{S}inn und {B}edeutung 11},
	ids = {reese_prosody_2006, Reese2006, reeseasher2008},
	pages = {448--462},
	title = {Prosody and the interpretation of tag questions},
	year = {2006}
}

@inproceedings{Portes2014,
	address = {Dublin},
	author = {Portes, Cristel and Reyle, Uwe},
	booktitle = {{S}peech {P}rosody 2014},
	ids = {portesryle2014},
	pages = {413--417},
	title = {The meaning of {F}rench ``implication''' contour in conversation},
	year = {2014}
}

@inproceedings{Ozge2011,
	address = {Cambridge},
	author = {Özge, Umut},
	booktitle = {Workshop on {A}ltaic {F}ormal {L}inguistics {{{{WAFL}}}} 7},
	editor = {Simpson, Andrew},
	ids = {ozge-indef},
	pages = {253--267},
	publisher = {{MIT} {W}orking {P}apers in {L}inguistics},
	title = {{T}urkish indefinites and accusative marking},
	year = {2011}
}

@inproceedings{Oshima2007,
	address = {Berlin},
	author = {Oshima, David Y.},
	booktitle = {New Frontiers in Artificial Intelligence.},
	doi = {10.1007/978-3-540-69902-6_14},
	editor = {Washio, Takashi and Satoh, Ken and Takeda, Hideaki and Inokuchi, Akihiro},
	ids = {oshima2007},
	pages = {147--161},
	publisher = {Springer},
	title = {On factive islands: {{P}}ragmatic anomaly vs. {{P}}ragmatic infelicity},
	year = {2007},
}

@inproceedings{Orrico2019b,
	author = {Orrico, Riccardo and Savy, Renata and D'Imperio, Mariapaola},
	booktitle = {Proceedings of the 19th {I}nternational {C}ongress of {P}honetic {S}ciences},
	editor = {Calhoun, Sasha and Escuerdo, Paola and Tabain, Marija and Warren, Paul},
	ids = {orrico2019perception, Orrico2019, orrico19},
	pages = {2946--2950},
	title = {The perception of speaker certainty in {S}alerno {I}talian intonation},
	year = {2019}
}

@inproceedings{Mari2021,
	address = {Bar-Ilan},
	author = {Mari, Alda},
	booktitle = {{{{{IATL}}}} 26},
	ids = {mari2021},
	note = {{I}nvited talk},
	title = {{{{{{E}}}}}pistemic future in questions: {{{{{{{E}}}}}}}vidence quality and the mirativity effect of \textit{mica}},
	year = {2021}
}

@inproceedings{Mari2009,
	author = {Mari, Alda},
	booktitle = {Proceedings of {G}enerative {L}exicon, {P}isa},
	ids = {mari2009},
	pages = {209--216},
	title = {Disambiguating the {I}talian future},
	year = {2009}
}

@inproceedings{Ma2006b,
	address = {Dresden},
	author = {Ma, Joan K-Y and Ciocca, Valter and Whitehill, Tara L.},
	booktitle = {Proceedings of {S}peech {P}rosody 2006},
	ids = {Ma+2006b},
	title = {Quantitative analysis of intonation patterns in statements and questions in {C}antonese},
	year = {2006}
}

@inproceedings{Local2003,
	address = {Barcelona},
	author = {Local, John},
	booktitle = {International {C}ongress of {P}honetic {S}ciences 15},
	ids = {Local03},
	note = {August 3-9, 2003},
	page = {115-118},
	title = {Phonetics and talk-in-interaction},
	year = {2003}
}

@inproceedings{Lo2020,
	address = {Tokyo},
	author = {Lo, Roger Yu-Hsiang and Kiss, Angelika},
	booktitle = {Proceedings of {S}peech {P}rosody 10},
	ids = {Lo+2020},
	pages = {429--433},
	title = {Durational and pitch marking of rhetorical wh-questions in {M}andarin},
	year = {2020}
}

@inproceedings{Lo2019,
	address = {Melbourne},
	author = {Lo, Roger Yu-Hsiang and Kiss, Angelika and Tulling, Maxime Alexandra},
	booktitle = {19th {I}nternational {C}ongress of {P}honetic {S}ciences},
	editor = {Calhoun, Sasha and Escudero, Paola and Tabain, Marija and Warren, Paul},
	ids = {Lo+2019},
	pages = {502--506},
	title = {The prosodic properties of the {C}antonese sentence-final particles \textit{aa1} and \textit{aa3} in rhetorical wh-questions},
	year = {2019}
}

@inproceedings{Littell2010,
	author = {Littell, Patrick and Matthewson, Lisa and Peterson, Tyler},
	booktitle = {University of {B}ritish {C}olumbia {W}orking {P}apers in {L}inguistics ({{{{UBCWPL}}}}) 28},
	editor = {Tyler Peterson and Uli Sauerland},
	ids = {littell2010},
	pages = {89--104},
	title = {On the semantics of conjectural questions},
	year = {2010}
}

@inproceedings{Liberman1974,
	author = {Liberman, Mark and Sag, Ivan},
	booktitle = {{{{Chicago}}} {L}inguistic {S}ociety ({{{{CLS}}}})},
	ids = {liberman74},
	pages = {416--427},
	title = {Prosodic form and discourse function},
	volume = {10},
	year = {1974}
}

@inproceedings{Lee2004,
	address = {Beijing},
	author = {Lee, Wai-Sum},
	booktitle = {First {I}nternational {S}ymposium on the {T}onal {A}spects of {L}anguages},
	pages = {107--110},
	title = {The effect of intonation on the citation tones in {C}antonese},
	year = {2004}
}

@inproceedings{Lai2010,
	author = {Lai, Catherine},
	booktitle = {{{{Interspeech}}} 2010},
	pages = {1413--1416},
	title = {What do you mean, you're uncertain?: {T}he interpretation of cue words and rising intonation in dialogue},
	year = {2010}
}

@inproceedings{Ladd1981b,
	author = {Ladd, D. Robert},
	booktitle = {Proceedings of the {A}nnual {M}eeting of the {{{{Chicago}}}} {L}inguistic {S}ociety ({{{{CLS}}}})},
	editor = {Mary Andronis and Erin Debenport and Anne Pycha and Keiko Yoshimura},
	ids = {Ladd:1981, Ladd1981},
	pages = {164--171},
	title = {Description of presuppositional phenomena from a nonpresuppositionist point of view},
	volume = {7},
	year = {1981}
}

@inproceedings{Ladd1981a,
	author = {Ladd, D. Robert},
	booktitle = {{{{Chicago}}} {L}inguistic {S}ociety ({{{{CLS}}}}) 17},
	ids = {ladd81, ladd_first_1981, ladd1981},
	pages = {164--171},
	title = {A first look at the semantics and pragmatics of negative questions and tag questions},
	year = {1981}
}

@inproceedings{Kuegler2004,
	author = {Kügler, Frank},
	booktitle = {International {C}onference on {L}anguage {V}ariation in {{{{E}}}}urope},
	ids = {kugler2004dialectal, kugler2004},
	pages = {227--240},
	title = {Dialectal variation in question intonation in two {{G}erman} dialects: {T}he case of {{{{Swabian}}}} and {Upper {{{Saxon}}}}},
	volume = {2},
	year = {2004}
}

@inproceedings{Krifka2015,
	address = {Ithaca},
	author = {Krifka, Manfred},
	booktitle = {Semantics and {L}inguistic {T}heory ({{{{SALT}}}}) 25},
	editor = {Sarah D'Antonio and Mary Moroney and Carol-Rose Little},
	ids = {krifka2015, krifka2015bias, Krifka15, krifka_bias_2015, krifka15, krifka2015SALT},
	pages = {328--345},
	publisher = {{CLC} Publications},
	title = {Bias in commitment space semantics: {D}eclarative questions, negated questions, and question tags},
	year = {2015}
}

@inproceedings{Kratzer1986,
	author = {Kratzer, Angelika},
	booktitle = {{{{Chicago}}} {L}inguistics {S}ociety ({{{{CLS}}}}) 22},
	ids = {kratzer1986},
	pages = {1--15},
	title = {Conditionals},
	year = {1986}
}

@inproceedings{Kiss2021,
	author = {Kiss, Angelika and Lo, Roger Yu-Hsiang},
	booktitle = {{S}inn und {B}edeutung 26},
	ids = {Kiss+2021},
	pages = {480--496},
	title = {Two types of rhetorical questions: {S}upport from {M}andarin prosody},
	year = {2021}
}

@inproceedings{Kharaman2019,
	author = {Kharaman, Mariya and Xu, Manluolan and Eulitz, Carsten and Braun, Bettina},
	booktitle = {{{{Interspeech}}} 2019},
	ids = {Kharaman+2019},
	pages = {1218--1222},
	title = {The processing of prosodic cues to rhetorical question interpretation: {{P}}sycholinguistic and neurolinguistic evidence},
	year = {2019}
}

@inproceedings{Kang2018,
	author = {Kang, Arum and Yoon, Suwon},
	booktitle = {Proceedings of the Linguistic Society of {{{America}}}},
	ids = {kang2018},
	pages = {1--15},
	title = {Two types of speaker's ignorance over the epistemic space in {K}orean},
	volume = {1},
	year = {2018}
}

@inproceedings{Kamali2011a,
	author = {Kamali, Beste},
	booktitle = {{{{West}}} {C}oast {C}onference of {F}ormal {L}inguistics ({{{{WCCFL}}}}) 28},
	editor = {Mary Byram Washburn and Sarah Ouwayda, Chuoying Ouyang and Bin Yin and Canan Ipek and Lisa Marston and Aaron Walker},
	ids = {kamali-wccfl},
	title = {The question particle in {T}urkish: {{C}}onsequences for the interfaces},
	year = {2011}
}

@inproceedings{Jamieson2018,
	address = {Leiden: Leiden University Centre for Linguistics},
	author = {Jamieson, E.},
	booktitle = {{{{{{ConSOL{E}}}}} 26: : {P}roceedings of the 26th Conference of the Student Organization of Linguistics in {{E}}urope}},
	ids = {jamieson2018, jamieson_experimental_2018},
	pages = {331--349},
	title = {Experimental evidence for the contextual acceptability of biased questions and tag questions},
	year = {2018}
}

@inproceedings{Heim1984,
	author = {Irene Heim},
	booktitle = {{N}orth {{{{{{E}}}}}}ast {L}inguistics {S}ociety {{N{{{{{E}}}}}{{LS}}}} 14},
	ids = {Heim:1984},
	pages = {98--107},
	title = {A note on negative polarity and downward entailingness},
	year = {1984}
}

@inproceedings{Heim1983,
	author = {Irene Heim},
	booktitle = {{{{West}}} {C}oast {C}onference on {F}ormal {L}inguistics {{{{WCCFL}}}} 2},
	ids = {Heim:1983},
	pages = {114--125},
	title = {On the projection problem for presuppositions},
	year = {1983}
}

@inproceedings{Hara2013,
	author = {Hara, Yurie and Davis, Christopher},
	booktitle = {Proceedings of {F}ormal {A}pproaches to {J}apanese {L}inguistics 6 ({{{{FAJL}}}} 6)},
	editor = {Yatsushiro, Kazuko and Sauerland, Uli},
	ids = {HD},
	pages = {41--56},
	series = {{MIT} {W}orking {P}apers in {L}inguistics 66},
	title = {\textit{Darou} as a deictic context shifter},
	year = {2013}
}

@inproceedings{Han1998,
	address = {Seattle},
	author = {Han, Chung-Hye},
	booktitle = {{{{West}}} {C}oast {C}onference of {F}ormal {L}inguistics ({{{{WCCFL}}}}) 16},
	pages = {237--253},
	title = {Deriving the interpretation of rhetorical questions},
	year = {1998}
}

@inproceedings{Gussenhoven2000,
	address = {Beijing},
	author = {Gussenhoven, Carlos and Chen, Aoju},
	booktitle = {6th {I}nternational {C}onference on {S}poken {L}anguage {P}rocessing, {{{{ICSLP}}}} 2000},
	ids = {Gussenhoven+2000},
	title = {Universal and language-specific effects in the perception of question intonation},
	year = {2000}
}

@inproceedings{Gunlogson2002,
	author = {Christine Gunlogson},
	booktitle = {Semantics and {L}inguistic {T}heory ({{{{SALT}}}}) 12},
	ids = {gunlogson2002declarative},
	pages = {144--163},
	title = {Declarative questions},
	year = {2002}
}

@inproceedings{Guasti1995,
	address = {Somerville},
	author = {Maria-Teresa Guasti and Rosalind Thornton and Kenneth Wexler},
	booktitle = {19th {A}nnual {B}oston {{{{U}}}}niversity {C}onference on {L}anguage {D}evelopment},
	ids = {guastietal1995},
	pages = {228--239},
	publisher = {Cascadilla Press},
	title = {Negation in children's questions: {{T}}he case of {{{{E}}}}nglish},
	year = {1995}
}

@inproceedings{Gravano2008,
	author = {Agustin Gravano and Stefan Benus and Julia Hirschberg and Elisa Sneed German and Gregory Ward},
	booktitle = {Speech {P}rosody 2008},
	doi = {10.21437/SpeechProsody.2008-88},
	ids = {Gravano2008TheEO},
	page = {401-404},
	title = {The effect of contour type and epistemic modality on the assessment of speaker certainty},
	year = {2008}
}

@inproceedings{Goodhue2021,
	author = {Goodhue, Daniel},
	booktitle = {Proceedings of the {L}inguistic {S}ociety of {A}merica ({{{{LSA}}}})},
	doi = {10.3765/plsa.v6i1.5042},
	editor = {Farrell, Patrick},
	ids = {goodhue21:lsa},
	pages = {951--965},
	title = {A unified account of inquisitive and assertive rising declaratives},
	volume = {6},
	year = {2021}
}

@inproceedings{Goodhue2019,
	author = {Goodhue, Daniel},
	booktitle = {{S}inn und {B}edeutung 23},
	number = {1},
	pages = {469--486},
	title = {High negation questions and epistemic bias},
	year = {2019}
}

@inproceedings{Goodhue2018a,
	author = {Goodhue, Daniel},
	booktitle = {{N}orth {{{{{{E}}}}}}ast {L}inguistics {S}ociety ({{N{{{{{E}}}}}{{LS}}}})},
	editor = {Sherry Hucklebridge and Max Nelson},
	ids = {Goodhue2018, goodhue2018},
	page = {1-10},
	title = {A minimal theory of verum focus and context dependent bias in questions},
	volume = {48},
	year = {2018}
}

@inproceedings{Goodhue2016,
	author = {Goodhue, Daniel and Harrison, Lyana and Su, Y. T. Clémentine and Wagner, Michael},
	booktitle = {{{{North}}} {{{{{{E}}}}}}ast {L}inguistic {S}ociety ({{N{{{{{E}}}}}{{LS}}}})},
	editor = {Prickett, Brandon and Hammerly, Christopher},
	ids = {goodhue16:best},
	pages = {311--320},
	title = {Toward a bestiary of {{{{E}}}}nglish intonational contours},
	volume = {46},
	year = {2016}
}

@inproceedings{Giordano2006,
	author = {Giordano, Rosa},
	booktitle = {{S}peech {P}rosody 2006},
	doi = {10.21437/SpeechProsody.2006-192},
	ids = {giordano2006intonation},
	pages = {paper 155},
	title = {The intonation of polar questions in two central varieties of {I}talian},
	year = {2006}
}

@inproceedings{German2020,
	author = {German, James Sneed and Portes, Cristel},
	booktitle = {Speech {P}rosody 2020},
	doi = {10.21437/SpeechProsody.2020-153},
	ids = {Germanportes2020, germanportes2020},
	page = {749-753},
	title = {Continental {F}rench, {C}orsican {F}rench, and the interpretation of intonation: {{T}}he effect of implicit social cues depends on exposure},
	year = {2020}
}

@inproceedings{Frana2019b,
	author = {Frana, Ilaria and Rawlins, Kyle},
	booktitle = {Sinn und {B}edeutung 20},
	editor = {Nadine Bade and Polina Berezovskaya and Anthea Schöller},
	ids = {Frana_Rawlins_2019},
	pages = {234--251},
	title = {{I}talian \textit{mica} in assertions and questions},
	url = {https://ojs.ub.uni-konstanz.de/sub/index.php/sub/article/view/261},
	year = {2019}
}

@inproceedings{Frana2019,
	author = {Frana, Ilaria and Menéndez-Benito, Paula},
	booktitle = {Semantics and {L}inguistic {T}heory ({{{{SALT}}}}) 29},
	pages = {727--747},
	title = {Evidence and bias: {{T}}he case of the evidential future in {I}talian},
	year = {2019}
}

@inproceedings{Davis2007,
	author = {Davis, Christopher and Potts, Christopher and Speas, Margaret},
	booktitle = {Semantics and {L}inguistic {T}heory ({{{{SALT}}}}) 17},
	ids = {davis2007pragmatic},
	pages = {71--88},
	title = {The pragmatic values of evidential sentences},
	year = {2007}
}

@inproceedings{Crocco2006,
	author = {Crocco, Claudia},
	booktitle = {3rd {I}nternational {C}onference on {S}peech {P}rosody},
	ids = {crocco2006prosodic},
	publisher = {{TUD} Press},
	title = {Prosodic and informational aspects of polar questions in {N}eapolitan {I}talian},
	year = {2006}
}

@inproceedings{Crnic2014,
	author = {Luka Crnič},
	booktitle = {{{{{MIT}}}} {W}orking {P}apers in {L}inguistics},
	editor = {Luka Crnič and Uli Sauerland},
	ids = {crnic2014against},
	pages = {117--145},
	sortname = {Luka Crnic},
	title = {Against a dogma on {{{{NPI}}}} licensing},
	volume = {71},
	year = {2014}
}

@inproceedings{Carlson1981,
	author = {Greg N. Carlson},
	booktitle = {{{{{Chicago}}}} {L}inguistic {S}ociety ({{{{CLS}}}}) 17},
	ids = {Carlson:1981},
	pages = {8--23},
	title = {Distribution of free choice \textit{any}},
	year = {1981}
}

@inproceedings{Caponigro2007,
	author = {Caponigro, Ivano and Sprouse, Jon},
	booktitle = {{S}inn und {B}edeutung 11},
	ids = {caponigro+sprouse, Caponigro+2007},
	pages = {121--133},
	title = {Rhetorical questions as questions},
	year = {2007}
}

@inproceedings{Borkin1971,
	author = {Borkin, Ann},
	booktitle = {{{{Chicago}}} {L}inguistics {S}ociety ({{{{CLS}}}}) 7},
	ids = {borkin1971},
	pages = {53--62},
	title = {Polarity items in questions},
	year = {1971}
}

@inproceedings{Bill2022,
	author = {Bill, Cory and Koev, Todor},
	booktitle = {{S}inn und {B}edeutung 26},
	title = {\textit{Really}: {{A}}mbiguity and question bias},
	year = {2022}
}

@inproceedings{Bill2021,
	author = {Bill, Cory and Koev, Todor},
	booktitle = {Linguistic {S}ociety of {A}merica 6},
	number = {1},
	title = {Verum accent {{IS} {VERUM}}, but not always focus},
	year = {2021}
}

@inproceedings{Biezma2017,
	author = {Biezma, María and Kyle Rawlins},
	booktitle = {Semantics and {L}inguistic {T}heory ({{{{SALT}}}}) 27},
	ids = {Biezma+2017},
	pages = {302--322},
	sortname = {Biezma, Maria and Kyle Rawlins},
	title = {Rhetorical questions: {S}evering questioning from asking},
	year = {2017}
}

@inproceedings{Biezma2009,
	author = {Biezma, María},
	booktitle = {Semantics and {L}inguistic {T}heory ({{{{SALT}}}}) 19},
	ids = {Biezma, biezma2019, biezma2019alternative},
	pages = {37--54},
	title = {Alternative vs. {{P}}olar questions: {{T}}he cornering effect},
	year = {2009}
}

@inproceedings{Beyssade2007,
	address = {Somerville},
	author = {Beyssade, Claire and Marandin, Jean-Marie},
	booktitle = {Texas {L}inguistics {S}ociety {C}onference: {I}ssues at the {S}emantics-{P}ragmatics {I}nterface},
	editor = {Pascal Denis and Eric McCready and Alexis Palmer and Brian Reese},
	ids = {beymar2007},
	page = {1-12},
	publisher = {Cascadilla Press},
	title = {{F}rench intonation and attitude attribution},
	year = {2007}
}

@inproceedings{Banuazizi1999,
	address = {Chicago},
	author = {Banuazizi, Atissa and Creswell, Cassandre},
	booktitle = {{{{Chicago}}} {L}inguistic {S}ociety ({{{{CLS}}}}) 35},
	ids = {Banuazizi+1999},
	pages = {1--14},
	title = {Is that a real question? {F}inal rises, final falls and discourse function in yes-no question intonation},
	year = {1999}
}

@inproceedings{Asu2020,
	author = {Asu, Eva Liina and Sahkai, Heete and Lippus, Pärtel},
	booktitle = {{Proceedings of the 10th {I}nternational {C}onference on {S}peech {P}rosody}},
	ids = {Asu+2020},
	pages = {381--384},
	sortname = {Asu, Eva Liina and Sahkai, Heete and Lippus, Partel},
	title = {The prosody of rhetorical and information-seeking questions in {{{{Estonian}}}}: {{P}}reliminary results},
	year = {2020}
}

@inproceedings{Asher2005,
	author = {Asher, Nicholas and Reese, Brian},
	booktitle = {{S}inn und {B}edeutung 9},
	editor = {Corien Bary and Emar Maier and Janneke Huitink},
	ids = {asherreese2005negative, asher2005},
	pages = {30--43},
	title = {Negative bias in polar questions},
	year = {2005}
}

@inproceedings{Abels2003,
	author = {Abels, Klaus},
	booktitle = {Semantics and {L}inguistic {T}heory ({{{{SALT}}}}) 8},
	ids = {abels2003},
	pages = {1--18},
	title = {Who gives a damn about minimizers in questions?},
	year = {2003}
}

@incollection{vonStechow1991,
	address = {Amsterdam},
	author = {von Stechow, Arnim},
	booktitle = {Discourse Particles},
	editor = {Abraham, Werner},
	ids = {vonstechow1991},
	pages = {37--84},
	publisher = {John {B}enjamins},
	title = {Focusing and backgrounding operators},
	year = {1991}
}

@incollection{guerzoni2014,
	address = {Cambridge},
	author = {Guerzoni, Elena and Sharvit, Yael},
	booktitle = {The art and craft of semantics: {{A}} {F}estschrift for {I}rene {H}eim},
	editor = {Luka Crnič and Uli Sauerland},
	ids = {guerzonisharvit2014whether},
	pages = {199--224},
	publisher = {{MIT} {W}orking {P}apers in {L}inguistics {MITWPIL}},
	title = {`{W}hether or not anything' but not `whether anything or not'},
	year = {2014}
}

@incollection{Zimmermann2011,
	address = {Berlin},
	author = {Zimmermann, Malte},
	booktitle = {Semantics ({{{{HSK}}}} 33.2)},
	editor = {von Heusinger, Klaus and Maienborn, Claudia and Portner, Paul},
	ids = {zimmermann2011},
	pages = {2012--2038},
	publisher = {De Gruyter},
	title = {Discourse particles},
	year = {2011}
}

@incollection{Yuan2025,
	address = {Berlin},
	author = {Hara, Yurie and Yuan, Mengxi},
	booktitle = {Biased questions},
	editor = {Tue Trinh and Anton Benz and Daniel Goodhue and Kazuko Yatsushiro and Manfred Krifka},
	ids = {yuan-hara-bias},
	pages = {179--208},
	publisher = {Language Science Press},
	title = {Contextual bias and the landscape of {M}andarin polar questions},
	year = {2025}
}

@incollection{WoodsSubmitted,
	address = {\biberror{no address}},
	author = {Rebecca Woods and Liliane Haegeman},
	booktitle = {{Festschrift} in honour of {C}ecilia {P}oletto's 60th birthday},
	doi = {10.57711/gy76-g337},
	editor = {Balsemin, Tommasso and Caloi, Irene and Garzonio, Jacopo and Lamoure, Nicolas and Pinzin, Francesco and Sanfelici, Emanuela},
	ids = {woodshaegesubm},
	journal = {Quaderni di lavoro ASIt},
	number = {25},
	pages = {821--860},
	publisher = {Università degli Studi di Padova},
	title = {Removing question force from interrogative clauses: {{T}}he {W}est {F}lemish particle \textit{kwestje}},
	volume = {2},
	year = {2023}
}

@incollection{Woods2020,
	address = {Oxford},
	author = {Rebecca Woods and Tom Roeper},
	booktitle = {Rethinking {V}erb {S}econd},
	editor = {Rebecca Woods and Sam Wolfe},
	ids = {woodsroeper2020},
	pages = {835--861},
	publisher = {Oxford {U}niversity {P}ress},
	title = {Rethinking auxiliary-doubling in adult and child language: {{H}}ow verb movement turns propositions into illocutionary acts},
	year = {2020}
}

@incollection{Wood2014,
	address = {Oxford},
	author = {Jim Wood},
	booktitle = {Micro-syntactic variation in {N}orth {A}merican {{{{E}}}}nglish},
	editor = {Raffaella Zanuttini and Laurence R. Horn},
	ids = {wood2014},
	pages = {71--114},
	publisher = {Oxford {U}niversity {P}ress},
	title = {Affirmative semantics with negative morphosyntax: {{N}}egative exclamatives and the {N}ew {{{{E}}}}ngland {S}o {{{{AUX}}}}n't {{{{NP}}}}/{{{{DP}}}} construction},
	year = {2014}
}

@incollection{Wiltschko2016,
	address = {Amsterdam},
	author = {Martina Wiltschko and Johannes Heim},
	booktitle = {Outside the clause: {{F}}orm and function of extra-clausal constituents},
	editor = {Günther Kaltenböck, Evelien Keizer and Arne Lohmann},
	ids = {wiltschkoheim2016},
	pages = {303--340},
	publisher = {John {B}enjamins},
	title = {The syntax of confirmationals: {{A}} neo-performative analysis},
	year = {2016}
}

@incollection{Westera2020,
	address = {Oxford},
	author = {Matthijs Westera and Daniel Goodhue and Carlos Gussenhoven},
	booktitle = {The {O}xford Handbook of Language Prosody},
	doi = {10.1093/oxfordhb/9780198832232.013.29},
	editor = {Carlos Gussenhoven and Aoju Chen},
	ids = {Westera2020MeaningsOT},
	pages = {\biberror{no pages}},
	publisher = {Oxford University Press},
	title = {Meanings of tones and tunes},
	year = {2020}
}

@incollection{Wakefield2019,
	address = {London},
	author = {Wakefield, John C.},
	booktitle = {The {R}outledge Handbook of {C}hinese Discourse Analysis},
	editor = {Shei, Chris},
	pages = {569--581},
	publisher = {Routledge},
	title = {Studies in {C}antonese discourse},
	year = {2019}
}

@incollection{Truckenbrodt2012,
	address = {Berlin},
	author = {Truckenbrodt, Hubert},
	booktitle = {Semantics: {{A}}n international handbook of natural language meaning},
	editor = {Maienborn, Claudia and von Heusinger, Klaus and Portner, Paul},
	ids = {truckenbrodt12},
	pages = {2039--2069},
	publisher = {de Gruyter},
	title = {Semantics of intonation},
	volume = {3},
	year = {2012}
}

@incollection{Trinh2020,
	address = {Berlin},
	author = {Tue Trinh},
	booktitle = {Monotonicity in logic and language},
	editor = {Dun Deng and Fenrong Liu and Mingming Liu and Dag Westerståhl},
	ids = {trinh2020bipartite},
	pages = {207--216},
	publisher = {Springer},
	title = {Bipartite exhaustification: {{{{E}}}}vidence from {V}ietnamese},
	year = {2020}
}

@incollection{Trinh2014,
	address = {Cambridge},
	author = {Trinh, Tue},
	booktitle = {The art and craft of semantics: {{A}} {{{Festschrift}}} for {I}rene {H}eim},
	editor = {Crnič, Luka and Sauerland, Uli},
	ids = {trinh2014how},
	pages = {227--249},
	publisher = {{MIT} {W}orking {P}apers in {L}inguistics},
	title = {How to ask the obvious: {A} presuppositional account of evidential bias in {{{{E}}}}nglish yes/no questions},
	volume = {2},
	year = {2014}
}

@incollection{Szabolcsi2002,
	address = {Budapest},
	author = {Szabolcsi, Anna},
	booktitle = {Approaches to {H}ungarian 8: {P}apers from the {B}udapest conference},
	editor = {Kenesei, István and Siptár, Péter},
	ids = {szabolcsi2002},
	pages = {217--239},
	publisher = {Akadémiai Kiadó},
	title = {{H}ungarian disjunctions and positive polarity},
	year = {2002}
}

@incollection{Sudo2013a,
	address = {Leiden},
	author = {Sudo, Yasutada},
	booktitle = {Beyond expressives: {{{{{{E}}}}}}xplorations in use-conditional meaning},
	editor = {Daniel Gutzmann and Hans-Martin Gärtner},
	ids = {sudo2013, sudo2013biased, s3budo201iased, Sudo, sudo_biased_2013, sudo-bias, sudo13RG},
	pages = {275--296},
	publisher = {Brill},
	series = {Current {R}esearch in the {S}emantics/{P}ragmatics {I}nterface ({CRiSPI})},
	title = {Biased polar questions in {{{{E}}}}nglish and {{J}apanese}},
	volume = {28},
	year = {2013}
}

@incollection{Steedman2007,
	address = {Dordrecht},
	author = {Steedman, Mark},
	booktitle = {Topic and Focus: {C}ross-Linguistic Perspectives on Meaning and Intonation},
	doi = {10.1007/978-1-4020-4796-1_13},
	editor = {Lee, Chungmin and Gordon, Matthew and Büring, Daniel},
	ids = {SteedmanInfoStru},
	pages = {245--264},
	publisher = {Springer Netherlands},
	title = {Information-Structural Semantics for {{{{E}}}}nglish Intonation},
	year = {2007}
}

@incollection{Stalnaker1999,
	address = {Oxford},
	author = {Stalnaker, Robert},
	booktitle = {Context and content: {{{{{E}}}}}ssays on intentionality in speech and thought},
	editor = {Stalnaker, Robert},
	pages = {78--95},
	publisher = {Oxford {U}niversity {P}ress},
	title = {Assertion},
	year = {1999}
}

@incollection{Stalnaker1978,
	address = {New York},
	author = {Stalnaker, Robert},
	booktitle = {Syntax and semantics},
	editor = {Peter Cole},
	ids = {stalnaker78, Stalnaker, stalnaker1978, stalnaker1979},
	pages = {315--332},
	publisher = {Academic Press},
	title = {Assertion},
	volume = {9},
	year = {1978}
}

@incollection{Speas2003,
	address = {Amsterdam},
	author = {Peggy Speas and Carol Tenny},
	booktitle = {Asymmetry of grammar},
	editor = {Anna Maria DiSciullo},
	ids = {speastenny2003},
	pages = {315--344},
	publisher = {John {B}enjamins},
	title = {Configurational properties of point of view roles},
	volume = {1: Syntax and semantics},
	year = {2003}
}

@incollection{Selkirk2005,
	address = {Berlin},
	author = {Selkirk, Elisabeth},
	booktitle = {Prosodies: {{S}}elected papers from the {Phonetics and Phonology in Iberia} conference},
	editor = {Sónia Frota and Marina Cláudia Vigário and Maria João Freitas},
	pages = {11--58},
	publisher = {Mouton de {G}ruyter},
	title = {Comments on intonational phrasing in {{{{E}}}}nglish},
	year = {2005}
}

@incollection{Selkirk1995,
	address = {Cambridge},
	author = {Selkirk, Elisabeth},
	booktitle = {The handbook of phonological theory},
	editor = {John A. Goldsmith},
	ids = {selkirk95},
	pages = {550--569},
	publisher = {Blackwell},
	title = {Sentence prosody: {{I}}ntonation, stress and phrasing},
	year = {1995}
}

@incollection{Seeliger2018,
	address = {Amsterdam},
	author = {Heiko Seeliger and Sophie Repp},
	booktitle = {The grammatical realization of polarity contrast: {{T}}heoretical, empirical and typological approaches},
	doi = {10.1075/la.249.05see},
	editor = {Christine Dimroth and Stefan Sudhoff},
	ids = {Seeliger18},
	pages = {129--172},
	publisher = {John {B}enjamins},
	title = {Biased declarative questions in {S}wedish and {G}erman: {{N}}egation meets modal particles (\textit{väl}, and \textit{doch} \textit{wohl})},
	year = {2018}
}

@incollection{Searle1965,
	address = {London},
	author = {Searle, John},
	booktitle = {Philosophy in {{{America}}}},
	editor = {Black, Maurice},
	ids = {Searle},
	pages = {221--239},
	publisher = {Allen \& Unwin},
	title = {What is a speech act?},
	year = {1965}
}

@incollection{Savino2011,
	address = {Dordrecht},
	author = {Savino, Michelina and Grice, Martine},
	booktitle = {Prosodic Categories: {P}roduction, Perception and Comprehension},
	doi = {10.1007/978-94-007-0137-3_8},
	editor = {Frota, Sónia and Elordieta, Gorka and Prieto, Pilar},
	ids = {savino2011aa},
	pages = {187--206},
	publisher = {Springer Netherlands},
	title = {The Perception of Negative Bias in {B}ari {I}talian questions},
	year = {2011}
}

@incollection{Sauerland2008,
	address = {Berlin},
	author = {Uli Sauerland},
	booktitle = {The Discourse Potential of Underspecified Structures},
	editor = {Anita Steube},
	ids = {sauerland2008implicated},
	pages = {581--600},
	publisher = {Mouton de {G}ruyter},
	title = {Implicated presuppositions},
	year = {2008}
}

@incollection{Sailor2020,
	address = {Oxford},
	author = {Craig Sailor},
	booktitle = {Rethinking Verb Second},
	doi = {10.1093/oso/9780198844303.003.0006},
	editor = {Rebecca Woods and Sam Wolfe},
	ids = {sailor2020},
	pages = {126--149},
	publisher = {Oxford {U}niversity {P}ress},
	title = {Rethinking ``residual'' {V}erb {S}econd},
	year = {2020}
}

@incollection{Rooth1997,
	address = {Oxford},
	author = {Rooth, Mats},
	booktitle = {The handbook of contemporary semantic theory},
	edition = 1,
	editor = {Shalom Lappin},
	pages = {271--298},
	publisher = {Blackwell},
	series = {Blackwell Handbooks in Linguistics},
	title = {Focus},
	year = {1997}
}

@incollection{Romero2020,
	address = {Oxford},
	author = {Romero, Maribel},
	booktitle = {The {O}xford handbook of negation},
	editor = {Déprez, Viviane and Espinal, M. Teresa},
	ids = {romero_form_2020},
	pages = {235--254},
	publisher = {Oxford {U}niversity {P}ress},
	title = {Form and function of negative, tag and rhetorical questions},
	year = {2020}
}

@incollection{Roelofsen2010,
	address = {Berlin},
	author = {Roelofsen, Floris and van Gool, Sam},
	booktitle = {{L}ogic, {L}anguage, and {M}eaning: {S}elected {P}apers from the 17th {A}msterdam {C}olloquium},
	doi = {10.1007/978-3-642-14287-1_39},
	editor = {Aloni, Maria and Bastiaanse, Harald and {de Jager}, Tikitu and Schulz, Katrin},
	ids = {roelofsengool2010disjunctive},
	pages = {384--394},
	publisher = {Springer},
	title = {Disjunctive questions, intonation and highlighting},
	year = {2010}
}

@incollection{Roberts1996,
	address = {Columbus},
	author = {Roberts, Craige},
	booktitle = {{{{{OSU}}}} {W}orking {P}apers in {L}inguistics},
	editor = {Yoon, Jae Hak and Kathol, Andreas},
	ids = {Ro, Roberts:1996, roberts1996},
	pages = {91--136},
	publisher = {The {Ohio} State University Department of Linguistics},
	title = {Information structure: {{T}}owards an integrated formal theory of pragmatics},
	volume = {49},
	year = {1996}
}

@incollection{Rizzi1997,
	address = {Dordrecht},
	author = {Rizzi, Luigi},
	booktitle = {Elements of Grammar: {H}andbook in {Generative Syntax}},
	doi = {10.1007/978-94-011-5420-8_7},
	editor = {Haegeman, Liliane},
	ids = {rizzi1997},
	pages = {281--337},
	publisher = {Springer Netherlands},
	title = {The Fine Structure of the Left Periphery},
	year = {1997}
}

@incollection{Repp2013,
	address = {Leiden},
	author = {Repp, Sophie},
	booktitle = {{{{{{E}}}}}xpressives and beyond: {{{{{{{E}}}}}}}xplorations of conventional non-truth-conditional meaning},
	editor = {Daniel Gutzmann and Hans-Martin Gärtner},
	ids = {Repp2012, repp2013, Repp13},
	pages = {231--274},
	publisher = {Brill},
	title = {Common ground management: {{M}}odal particles, illocutionary negation and \textsc{verum}},
	year = {2013}
}

@incollection{Remberger2020,
	address = {Amsterdam},
	author = {Remberger, Eva-Maria},
	booktitle = {Information-structural perspectives on discourse particles},
	editor = {Modicom, Pierre-Yves and Olivier, Duplâtre},
	ids = {remberger2020},
	pages = {48--69},
	publisher = {Benjamins},
	title = {Information-structural properties of \textsc{is that} clauses},
	year = {2020}
}

@incollection{Reese2009,
	address = {Oxford},
	author = {Reese, Brian and Asher, Nicholas},
	booktitle = {Information structure: {T}heoretical, typological, and experimental Perspectives},
	editor = {Zimmermann, Malte and Féry, Caroline},
	ids = {reese+asher2009},
	pages = {139--173},
	publisher = {Oxford {U}niversity {P}ress},
	title = {Biased questions, intonation, and discourse},
	year = {2009}
}

@incollection{Reese2006b,
	address = {Paris},
	author = {Brian J. Reese},
	booktitle = {Empirical issues in syntax and semantics},
	editor = {Olivier Bonami and Patricia Cabredo-Hofherr},
	ids = {reese06},
	pages = {331--354},
	publisher = {CSSP},
	title = {The meaning and use of negative polar interrogatives},
	volume = {6},
	year = {2006}
}

@incollection{Rathmayr1985,
	address = {München},
	author = {Renate Rathmayr},
	booktitle = {Slavistische {B}eiträge 187},
	editor = {Peter Rehder and Josef Schrenk and Johannes Holthusen and Heinrich Kunstmann},
	ids = {rathmayr85},
	pages = {29--73},
	publisher = {Otto Sagner},
	title = {Die russischen {P}artikeln als {P}ragmalexeme [The {R}ussian particles as Pragmalexeme]},
	year = {1985}
}

@incollection{Rando1980,
	address = {Baltimore},
	author = {Rando, Emily},
	booktitle = {The melody of language},
	editor = {Linda R. Waugh and Cornelis Hendrik {van Schooneveld}},
	pages = {243--278},
	publisher = {University Park Press},
	title = {Intonation in discourse},
	year = {1980}
}

@incollection{Pierrehumbert1990,
	address = {Cambridge},
	author = {Pierrehumbert, Janet and Hirschberg, Julia},
	booktitle = {Intentions in communication},
	editor = {Cohen, Philip R. and Morgan, Jerry L. and Pollack, Martha E.},
	ids = {pierrehumbert90, pierrehumbert_meaning_1990, Pierrehumbert+1990},
	pages = {271--311},
	publisher = {{MIT} Press},
	title = {The meaning of intonational contours in the interpretation of discourse},
	year = {1990}
}

@incollection{Phillips2009,
	address = {Stanford},
	author = {Phillips, Colin},
	booktitle = {{J}apanese/{K}orean linguistics},
	editor = {Iwasaki, Shoishi and Hoji, Hajime and Clancy, Patricia M. and Sohn, Sung-Ock},
	ids = {phillips09},
	pages = {1--16},
	publisher = {{CSLI} Publications},
	title = {Should we impeach armchair linguists?},
	volume = {17},
	year = {2009}
}

@incollection{Petrone2011,
	address = {Dordrecht},
	author = {Petrone, Caterina and D'Imperio, Mariapaola},
	booktitle = {Prosodic Categories: {P}roduction, Perception and Comprehension},
	doi = {10.1007/978-94-007-0137-3_9},
	editor = {Frota, Sónia and Elordieta, Gorka and Prieto, Pilar},
	ids = {petrone2011},
	pages = {207--230},
	publisher = {Springer},
	sortname = {Petrone, Caterina and D'Imperio, Mariapaola},
	title = {From Tones to Tunes: {{{{E}}}}ffects of the f0 Prenuclear Region in the Perception of {N}eapolitan Statements and Questions},
	year = {2011}
}

@incollection{Papadopoulou2013,
	address = {London},
	author = {Papadopoulou, Despina and Tsimpli, Ianthi and Amvrazis, Nikos},
	booktitle = {Research methods in second language psycholinguistics},
	doi = {10.4324/9780203123430},
	editor = {Jill Jegerski and Bill {VanPatten}},
	ids = {papadopoulou2013self},
	pages = {66--84},
	publisher = {Routledge},
	title = {Self-paced listening},
	year = {2013}
}

@incollection{Orrico2020,
	address = {Milan},
	author = {Orrico, Riccardo and Cataldo, V. and D'Imperio, Mariapaola},
	booktitle = {{{{{{La}}}}} variazione linguistica in condizioni di contatto: {{C}}ontesti acquisizionali, lingue, dialetti e minoranze in {{{Italia}}} e nel mondo [{{{{{La}}}}}nguage change under contact conditions: {{A}}cquisitional contexts, languages, dialects and minorities in {I}taly and around the world]},
	doi = {10.17469/O2107AISV000017},
	editor = {Luciano Romito},
	ids = {orrico2020ab},
	pages = {Studi {AISV} 7: 361--382},
	publisher = {Officinaventuno},
	sortname = {Orrico, Riccardo and Cataldo, V. and D'Imperio, Mariapaola},
	title = {The effect of early exposure in the production of {S}alerno {I}talian question intonation},
	year = {2020}
}

@incollection{Orrico2019a,
	address = {Milan},
	author = {Orrico, Riccardo and Savy, Renata and D'Imperio, Mariapaola},
	booktitle = {Gli archivi sonori al crocevia tra scienze fonetiche, informatica umanistica e patrimonio digitale [Audio archives at the crossroads of speech sciences, digital humanities and digital heritage]},
	doi = {10.17469/O2106AISV000018},
	editor = {Piccardi, Duccio and Ardolino, Fabio and Calamai, Silvia},
	pages = {309--328},
	publisher = {Officinaventuno},
	sortname = {Orrico, Riccardo and Savy, Renata and D'Imperio, Mariapaola},
	title = {Salerno {I}talian: {{I}}ntonational phonology and dimensions of variation},
	volume = {Studi {AISV} 6},
	year = {2019}
}

@incollection{Oravecz2014,
	address = {Lisbon},
	author = {Oravecz, Csaba and Váradi, Tamás and Sass, Bálint},
	booktitle = {{{{{LR}}{{{{{E}}}}}C}} 2014 -- {N}inth {I}nternational {C}onference on {L}anguage {R}esources and {{{{{{E}}}}}}valuation},
	editor = {Calzolari, Nicoletta and Khalid Choukri and Thierry Declerck and Hrafn Loftsson and Bente Maegaard and Joseph Mariani and Asunción Moreno and Jan Odijk and Stelios Piperidis},
	ids = {oraveczetal2014},
	pages = {1719--1723},
	publisher = {European Language Resources Association ({ELRA})},
	sortname = {Oravecz, Csaba and Varadi, Tamas and Sass, Balint},
	title = {The {H}ungarian {G}igaword Corpus},
	year = {2014}
}

@incollection{Meyer2004,
	address = {Ann Arbor},
	author = {Roland Meyer},
	booktitle = {Formal approaches to {S}lavic linguistics: {T}he {O}ttawa meeting 2003},
	editor = {Olga Arnaudova and Wayles Browne and Maria Luisa Rivero and Danijela Stojanovic},
	ids = {meyer04},
	pages = {353--352},
	publisher = {Michigan Slavic Publications},
	title = {Prosody, mood, and focus. {A} study of ``intonationally marked'' yes-no questions in {R}ussian},
	year = {2004}
}

@incollection{Merin1997,
	address = {Stuttgart},
	author = {Merin, Arthur and Bartels, Christine},
	booktitle = {{A}rbeitspapiere der {{SFB}} 340 88 },
	editor = {\biberror{no editor}},
	ids = {merin97},
	pages = {\biberror{no pages}},
	publisher = {\biberror{no publisher}},
	title = {Decision-theoretic semantics for intonation},
	year = {1997}
}

@incollection{Liberman1984,
	address = {Cambridge},
	author = {Liberman, Mark and Pierrehumbert, Janet},
	booktitle = {Language sound structure},
	editor = {Aronoff, Mark and Oehrle, Richard},
	ids = {LibermanPierrehumbert84},
	pages = {157--233},
	publisher = {{MIT} Press},
	title = {Intonational invariance under changes in pitch range and length},
	year = {1984}
}

@incollection{Krifka2021b,
	address = {Tübingen},
	author = {Manfred Krifka},
	booktitle = {Asking and answering},
	editor = {Moritz Cordes},
	ids = {krifka21},
	pages = {63--95},
	publisher = {Narr},
	title = {Modelling questions in commitment spaces},
	year = {2021}
}

@incollection{Krifka2021a,
	address = {Tübingen},
	author = {Manfred Krifka},
	booktitle = {Propositionale {A}rgumente im {S}prachvergleich: {T}heorie und {{{{E}}}}mpirie},
	doi = {10.24053/9783823394105},
	editor = {Jutta M. Hartmann and Angelika Wollstein},
	ids = {Krifka2021, krifka2021},
	pages = {115--181},
	publisher = {Narr},
	title = {Layers of assertive clauses: {{P}}ropositions, judgements, commitments, acts},
	year = {2023}
}

@incollection{Krifka2017,
	address = {Berlin},
	author = {Krifka, Manfred},
	booktitle = {Contrastiveness in information structure, alternatives and scalar implicatures},
	editor = {Lee, Chungmin and Kiefer, Ferenc and Krifka, Manfred},
	ids = {krifka17, krifka2017},
	pages = {359--398},
	publisher = {Springer},
	series = {Studies in {N}atural {L}anguage \& {L}inguistic {T}heory},
	title = {Negated polarity questions as denegations of assertions},
	volume = {91},
	year = {2017}
}

@incollection{Krifka2014a,
	address = {Heidelberg},
	author = {Manfred Krifka},
	booktitle = {Recursion: {{C}}omplexity in Cognition},
	editor = {Tom Roeper and Margaret Speas},
	ids = {Krifka2014, krifka2014},
	pages = {59--88},
	publisher = {Springer},
	title = {Embedding illocutionary acts},
	year = {2014}
}

@incollection{Krifka2011,
	address = {Berlin},
	author = {Krifka, Manfred},
	booktitle = {Semantics ({{{{HSK}}}} 33.2)},
	editor = {von Heusinger, Klaus and Maienborn, Claudia and Portner, Paul},
	ids = {krifka2011},
	pages = {1742--1785},
	publisher = {de Gruyter},
	title = {Questions},
	year = {2011}
}

@incollection{Krifka2007,
	address = {London},
	author = {Krifka, Manfred},
	booktitle = {Presupposition and implicature in compositional semantics},
	editor = {Sauerland, Uli and Stateva, Penka},
	ids = {krifka2007negated},
	pages = {163--177},
	publisher = {Palgrave Macmillan},
	title = {Negated antonyms: {{C}}reating and filling the gap},
	year = {2007}
}

@incollection{Krifka2001,
	address = {Berlin},
	author = {Manfred Krifka},
	booktitle = {Audiatur Vox Sapientiae: {{A}} {{{Festschrift}}} for {{{Arnim}}} von {S}techow},
	doi = {10.1515/9783050080116.287},
	editor = {Caroline Féry and Wolfgang Sternefeld},
	ids = {krifka2001structured},
	pages = {287--319},
	publisher = {Akademie {V}erlag},
	title = {For a structured account of questions and answers},
	year = {2001}
}

@incollection{Kratzer1991b,
	address = {Berlin},
	author = {Kratzer, Angelika},
	booktitle = {Semantics: {A}n International handbook of contemporary research},
	editor = {von Stechow, Arnim and Wunderlich, Dieter},
	ids = {kratzer1991},
	pages = {825--834},
	publisher = {de Gruyter},
	title = {The Representation of focus},
	year = {1991}
}

@incollection{Kenesei1994,
	address = {New York},
	author = {Kenesei, István},
	booktitle = {The syntactic structure of {H}ungarian},
	editor = {Kiefer, Ferenc and É. Kiss, Katalin},
	ids = {kenesei1994},
	pages = {275--354},
	publisher = {Academic Press},
	sortname = {Kenesei, Istvan},
	title = {Subordinate clauses},
	year = {1994}
}

@incollection{Kay2004,
	address = {Malden},
	author = {Paul Kay},
	booktitle = {The Handbook of Pragmatics},
	editor = {Laurence R. Horn and Gregory Ward},
	ids = {kay2004},
	pages = {675--700},
	publisher = {Blackwell},
	title = {Pragmatic aspects of grammatical constructions},
	year = {2004}
}

@incollection{Kaup2020,
	address = {Oxford},
	author = {Kaup, Barbara and Dudschig, Carolin},
	booktitle = {The {{{Oxford}}} handbook of negation},
	editor = {Déprez, Viviane and Espinal, M. Teresa},
	pages = {634--655},
	publisher = {Oxford {U}niversity {P}ress},
	title = {Understanding negation: {{I}}ssues in the processing of negation},
	year = {2020}
}

@incollection{Jacobson2018,
	address = {Oxford},
	author = {Jacobson, Pauline},
	booktitle = {The science of meaning: {{{{E}}}}ssays on the metatheory of natural language semantics},
	editor = {Ball, Derek and Rabern, Brian},
	ids = {jacobson18},
	pages = {46--72},
	publisher = {Oxford {U}niversity {P}ress},
	title = {What is -- or, for that matter isn't -- ``{{{{E}}}}xperimental'' semantics?},
	year = {2018}
}

@incollection{Jacobs2016,
	address = {Berlin},
	author = {Jacobs, Joachim},
	booktitle = {Satztypen und {K}onstruktionen},
	editor = {Finkbeiner, Rita and Meibauer, Jörg},
	ids = {jacobs2016},
	pages = {23--71},
	publisher = {de Gruyter},
	title = {Satztypkonstruktionen und {S}atztypsensitivität},
	year = {2016}
}

@incollection{Huang1991,
	address = {Dordrecht},
	author = {Huang, C.-T. James},
	booktitle = {Interdisciplinary approaches to language},
	editor = {Georgopoulos, Carol and Ishihara, Robert},
	ids = {HuangA1991},
	pages = {305--322},
	publisher = {Kluwer},
	title = {Modularity and {C}hinese {A}-not-{A} questions},
	year = {1991}
}

@incollection{Hohle1992,
	address = {Opladen},
	author = {Höhle, Tilmann},
	booktitle = {Informationsstruktur und {G}rammatik},
	editor = {Joachim Jacobs},
	ids = {hohle_uber_1992},
	pages = {112--141},
	publisher = {Westdeutscher Verlag},
	series = {Linguistische {B}erichte {S}onderheft},
	sortname = {Hohle, Tilmann},
	title = {{\"{{{U}}}}ber {V}erum-{F}okus im {D}eutschen},
	volume = {4},
	year = {1992}
}

@incollection{Higginbotham1993,
	address = {Cambridge},
	author = {James Higginbotham},
	booktitle = {The View from Building 20},
	editor = {Kenneth Hale and Samuel Jay Keyser},
	ids = {Higginbotham:1993},
	pages = {195--228},
	publisher = {{MIT} Press},
	title = {Interrogatives},
	year = {1993}
}

@incollection{Hepburn2011,
	address = {Cambridge},
	author = {Alexa Hepburn and Jonathan Potter},
	booktitle = {Conversation and gender},
	editor = {Susan A. Speer and Elizabeth Stokoe},
	ids = {heppot2011},
	pages = {135--152},
	publisher = {Cambridge {U}niversity {P}ress},
	title = {Recipients designed: {{T}}ag structures and gender},
	year = {2011}
}

@incollection{Henriksen2016,
	address = {Amsterdam},
	author = {Henriksen, Nicholas and Armstrong, Meghan E. and García-Amaya, Lorenzo},
	booktitle = {Intonational grammar in {I}bero-{R}omance: {A}pproaches across linguistic subfields},
	editor = {Meghan E. Armstrong and Nicholas Henriksen and Maria del Mar Vanrell},
	ids = {henriksen2016intonational},
	pages = {181--205},
	publisher = {John Benjamins},
	sortname = {Henriksen, Nicholas and Armstrong, Meghan E. and Garcia-Amaya, Lorenzo},
	title = {The intonational meaning of polar questions in {M}anchego {S}panish spontaneous speech},
	year = {2016}
}

@incollection{Heim1991,
	address = {Berlin},
	author = {Irene Heim},
	booktitle = {{{{Semantik}}}: {{{{E}}}}in internationales {H}andbuch der zeitgenössischen {F}orschung},
	editor = {von Stechow, Arnim and Dieter Wunderlich},
	ids = {heim1991artikel},
	pages = {487--535},
	publisher = {De Gruyter},
	title = {Artikel und {D}efinitheit},
	year = {1991}
}

@incollection{Hegedus2001,
	address = {Budapest},
	author = {Heged{\H u}s, Attila},
	booktitle = {Magyar dialektológia [{H}ungarian dialectology]},
	editor = {Kiss, Jen{\H o}},
	ids = {hegedus2001},
	pages = {362--374},
	publisher = {Osiris Kiadó},
	sortname = {Heged{\H u}s, Attila},
	title = {Nyelvjárási mondattani jelenségek [{S}yntactic phenomena in regional dialects]},
	year = {2001}
}

@incollection{Gyuris2019,
	address = {Budapest},
	author = {Gyuris, Beáta},
	booktitle = {K + {{K}} = 120. {{P}}apers dedicated to {L}ászló {K}álmán and {A}ndrás {K}ornai on the occasion of their 60th birthdays},
	editor = {Gyuris, Beáta and Mády, Katalin and Recski, Gábor},
	ids = {gyuris19},
	pages = {247--280},
	publisher = {MTA Nyelvtudományi Intézet},
	sortname = {Gyuris, Beata},
	title = {Thoughts on the semantics and pragmatics of rising declaratives in {{{{E}}}}nglish and rise-fall declaratives in {H}ungarian},
	year = {2019}
}

@incollection{Gyuris2018,
	address = {Amsterdam},
	author = {Gyuris, Beáta},
	booktitle = {The grammatical realization of polarity contrast: {T}heoretical, empirical, and typological approaches},
	editor = {Dimroth, Christine and Sudhoff, Stefan},
	ids = {gyuris18},
	pages = {173--201},
	publisher = {John {B}enjamins},
	sortname = {Gyuris, Beata},
	title = {On two types of polar interrogatives in {H}ungarian and their interaction with inside and outside negation},
	year = {2018}
}

@incollection{Gyuris2012,
	address = {Berlin},
	author = {Gyuris, Beáta},
	booktitle = {The expression of information structure},
	editor = {Krifka, Manfred and Musan, Renate},
	ids = {gyuris2012},
	pages = {159--186},
	publisher = {de Gruyter},
	sortname = {Gyuris, Beata},
	title = {The information structure of {H}ungarian},
	year = {2012}
}

@incollection{Grice2005,
	address = {Oxford},
	author = {Grice, Martine and D'Imperio, Mariapaola and Savino, Michelina and Avesani, Cinzia},
	booktitle = {Prosodic {T}ypology: {T}he Phonology of Intonation and Phrasing},
	doi = {10.1093/acprof:oso/9780199249633.003.0013},
	editor = {Sun-Ah Jun},
	ids = {griceetal2005},
	month = {1},
	pages = {362--389},
	publisher = {Oxford {U}niversity {P}ress},
	sortname = {Grice, Martine and D'Imperio, Mariapaola and Savino, Michelina and Avesani, Cinzia},
	title = {Strategies for Intonation Labelling across Varieties of {I}talian},
	year = {2005}
}

@incollection{Grice2004,
	address = {Tübingen},
	author = {Grice, Martine and Savino, Michelina},
	booktitle = {Regional variation in intonation},
	editor = {Gilles, Peter and Peters, Jörg},
	ids = {grice2004information},
	pages = {161--189},
	publisher = {Niemeyer},
	title = {Information structure and questions: {{{{{E}}}}}vidence from task-oriented dialogues in a variety of {I}talian},
	year = {2004}
}

@incollection{Grice1997,
	address = {Madrid},
	author = {Grice, Martine and Savino, Michelina},
	booktitle = {Concept to {S}peech {G}eneration {S}ystems},
	editor = {Alter, Kai and Pirker, Hannes and Finkler, Wolfgang},
	ids = {grice1997can},
	pages = {29--38},
	publisher = {Universidad Nacional de Educación a Distancia},
	title = {Can pitch accent type convey information status in yes-no questions?},
	year = {1997}
}

@incollection{GiliFivela2015,
	address = {Oxford},
	author = {Gili Fivela, Barbara and Avesani, Cinzia and Barone, Marco and Bocci, Giuliano and Crocco, Claudia and D'Imperio, Mariapaola and Giordano, Rosa and Marotta, Giovanna and Savino, Michelina and Sorianello, Patrizia},
	booktitle = {Intonation in {R}omance},
	doi = {10.1093/acprof:oso/9780199685332.001.0001},
	editor = {Frota, Sónia and Prieto, Pilar},
	ids = {Fivelaetal15},
	pages = {140--197},
	publisher = {Oxford {U}niversity {P}ress},
	sortname = {Gili Fivela, Barbara and Avesani, Cinzia and Barone, Marco and Bocci, Giuliano and Crocco, Claudia and D'Imperio, Mariapaola and Giordano, Rosa and Marotta, Giovanna and Savino, Michelina and Sorianello, Patrizia},
	title = {Intonational phonology of the regional varieties of {I}talian},
	year = {2015}
}

@incollection{Giannakidou2017,
	address = {Chicago},
	author = {Giannakidou, Anastasia},
	booktitle = {Tense, mood, and modality: {N}ew answers to old questions},
	editor = {Błaszczak, Joanna and Giannakidou, Anastasia and Klimek-Jankowska, Dorota and Migdalski, Krzysztof},
	ids = {giannakidou2016},
	pages = {177--214},
	publisher = {University of Chicago Press},
	title = {Evaluative subjunctive and nonveridicality},
	year = {2017}
}

@incollection{Giannakidou2016,
	address = {Chicago},
	author = {Giannakidou, Anastasia and Mari, Alda},
	booktitle = {Mood, Aspect and modality: {N}ew answers to old questions},
	editor = {Błaszczak, Joanna and Giannakidou, Anastasia and Klimek-Jankowska, Dorota and Migdalski, Krzysztof},
	ids = {giannakidoumari2016},
	pages = {75--124},
	publisher = {University of Chicago Press},
	title = {Epistemic future and epistemic must: {{N}}onveridicality, evidence, and partial knowledge},
	year = {2016}
}

@incollection{Giannakidou2013,
	address = {Amsterdam},
	author = {Giannakidou, Anastasia},
	booktitle = {The dynamic, inquisitive, and visionary life of $\phi$. {A} {F}estschrift for {J}eroen {G}roenendijk, {M}artin {S}tokhof and {F}rank {V}eltman},
	editor = {Aloni, Maria and Franke, Michael and Roelofsen, Floris},
	ids = {giannakidou2013},
	pages = {115--126},
	publisher = {{ILLC}},
	title = {Inquisitive assertions and nonveridicality},
	year = {2013}
}

@incollection{Fletcher2005,
	address = {Oxford},
	author = {Fletcher, Janet and Grabe, Esther and Warren, Paul},
	booktitle = {Prosodic typology: {T}he phonology of intonation and phrasing},
	doi = {10.1093/acprof:oso/9780199249633.003.0014},
	editor = {Jun, Sun-Ah},
	ids = {fletcher05},
	pages = {390--409},
	publisher = {Oxford {U}niversity {P}ress},
	title = {Intonational variation in four dialects of {{{{E}}}}nglish: {T}he high rising tune},
	year = {2005}
}

@incollection{Farkas2009,
	address = {Amsterdam/Philadelphia},
	author = {Farkas, Donka F.},
	booktitle = {Approaches to {H}ungarian 11: {P}apers from the 2007 {N}ew {Y}ork {C}onference},
	editor = {Dikken, Marcel den and Vago, Robert M.},
	ids = {farkas2009},
	pages = {95--118},
	publisher = {John {B}enjamins},
	title = {Polarity particles in {H}ungarian},
	year = {2009}
}

@incollection{Eckardt2019,
	address = {Paris},
	author = {Eckardt, Regine and Beltrama, Andrea},
	booktitle = {Empirical Issues in Syntax and Semantics 12},
	doi = {http://www.cssp.cnrs.fr/eiss12/},
	editor = {Christopher Pinon},
	ids = {eckardt2019},
	pages = {121--155},
	publisher = {{CSSP}},
	title = {Evidentials and questions},
	year = {2019}
}

@incollection{EKiss2009,
	address = {Amsterdam/Philadelphia},
	author = {É. Kiss, Katalin},
	booktitle = {Approaches to {H}ungarian 11: {P}apers from the 2007 {{New York}} {C}onference},
	editor = {Dikken, Marcel den and Vago, Robert M.},
	ids = {ekiss2009},
	pages = {65--94},
	publisher = {John {B}enjamins},
	sortname = {E. Kiss, Katalin},
	title = {Negative quantifiers in {H}ungarian},
	year = {2009}
}

@incollection{DImperio2020,
	address = {Oxford},
	author = {D'Imperio, Mariapaola and Gili Fivela, Barbera and Baltazani, Mary and Post, Brechtje and Vella, Alexandra},
	booktitle = {The {O}xford Handbook of Language Prosody},
	doi = {10.1093/oxfordhb/9780198832232.013.15},
	editor = {Gussenhoven, Carlos and Chen, Aoju},
	ids = {dImperioetal2020},
	pages = {236--250},
	publisher = {Oxford {U}niversity {P}ress},
	sortname = {D'Imperio, Mariapaola and Gili Fivela, Barbera and Baltazani, Mary and Post, Brechtje and Vella, Alexandra},
	title = {{{{Southern}}} {{{{E}}}}urope},
	year = {2020}
}

@incollection{Crocco2016,
	address = {Milano},
	author = {Crocco, Claudia and Badan, Linda},
	booktitle = {{{{La}}} fonetica nell'apprendimento delle lingue 2},
	doi = {10.13140/RG.2.1.3628.9045},
	editor = {Renata Aifan and Iolanda Alfano},
	ids = {crocco2016aa},
	pages = {191--207},
	publisher = {Officina 21},
	title = {`{L}'hai messo dove il focus?': {{U}}n'analisi prosodica delle domande eco wh},
	year = {2016}
}

@incollection{Coniglio2012,
	address = {Amsterdam},
	author = {Marco Coniglio and Iulia Zegrean},
	booktitle = {Main Clause Phenomena: {{N}}ew Horizons},
	editor = {Lobke Aelbrecht, Liliane Haegeman and Rachel Nye},
	ids = {conigzeg2012},
	pages = {229--256},
	publisher = {John {B}enjamins},
	title = {Splitting up force: {{{{{E}}}}}vidence from discourse particles},
	year = {2012}
}

@incollection{Celle2018,
	address = {Berlin},
	author = {Celle, Agnès and Jugnet, Anne and Lansari, Laure and L'Hôte, Emilie},
	booktitle = {Surprise: {A}n emotion?},
	editor = {Depraz, Natalie and Steinbok, Anthony J.},
	ids = {CeJugLanL18},
	pages = {163--189},
	publisher = {Springer},
	sortname = {Celle, Agnes and Jugnet, Anne and Lansari, Laure and L'Hote, Emilie},
	title = {Describing and Expressing Surprise},
	year = {2018}
}

@incollection{Cangemi2015,
	address = {Amsterdam},
	author = {Cangemi, Francesco and D'Imperio, Mariapaola},
	booktitle = {The phonetics-phonology interface: {R}epresentations and methodologies},
	editor = {Romero, Joaquín and Riera, María},
	ids = {cangemind2015},
	pages = {109--124},
	publisher = {John {B}enjamins},
	sortname = {Cangemi, Francesco and D'Imperio, Mariapaola},
	title = {Sentence modality and tempo in {N}eapolitan {I}talian},
	year = {2015}
}

@incollection{Buring2019,
	address = {Leiden},
	author = {Büring, Daniel},
	booktitle = {Questions in discourse},
	doi = {10.1163/9789004378322_003},
	editor = {Edgar Onea and Malte Zimmermann},
	pages = {6--44},
	publisher = {Brill},
	sortname = {Buring, Daniel},
	title = {Focus, questions and givenness},
	year = {2019}
}

@incollection{Bryzgunova1980,
	address = {Moskva},
	author = {Elena A. Bryzgunova},
	booktitle = {Russkaja grammatika {I} [{R}ussian Grammar {I}]},
	editor = {Švedova, Natalija Jul'evna},
	ids = {bryzgunova80},
	pages = {96--122},
	publisher = {Nauka},
	title = {Intonacija [Intonation]},
	year = {1980}
}

@incollection{Bolinger1978,
	address = {Dordrecht},
	author = {Bolinger, Dwight},
	booktitle = {Questions},
	editor = {Hiz, Henry},
	ids = {Bolinger:1978, Bolinger},
	pages = {87--105},
	publisher = {Reidel},
	series = {Synthese {L}anguage {L}ibrary},
	title = {Yes-no questions are not alternative questions},
	volume = {1},
	year = {1978}
}

@incollection{Bobaljik1994,
	address = {Cambridge},
	author = {Jonathan Bobaljik},
	booktitle = {The morphology-syntax connection. {{{MIT}}} {W}orking {P}apers in {L}inguistics},
	editor = {Heldi Harley and Collin Phillips},
	ids = {bobaljik1994what},
	pages = {1--32},
	publisher = {{MITWPL} publications},
	title = {What does adjacency do?},
	volume = {22},
	year = {1994}
}

@incollection{Bill2025,
	address = {Berlin},
	author = {Bill, Cory and Koev, Todor},
	booktitle = {Biased questions},
	editor = {Tue Trinh and Anton Benz and Daniel Goodhue and Kazuko Yatsushiro and Manfred Krifka},
	ids = {CoryThisVolume, Bill2020, billkoevvol, Bill2024},
	pages = {145--178},
	publisher = {Language Science Press},
	title = {Bias in tag questions},
	year = {2025}
}

@incollection{Beun2000,
	address = {Amsterdam},
	author = {Beun, Robbert-Jan},
	booktitle = {Abduction, belief, and context in dialogue: {S}tudies in computational pragmatics},
	editor = {Bunt, Harry C. and Black, William},
	ids = {beun00},
	pages = {311--325},
	publisher = {John {B}enjamins Publishing},
	title = {Context and form: {D}eclarative or interrogative, that is the question},
	volume = {1},
	year = {2000}
}

@incollection{Beaver2016,
	address = {Oxford},
	author = {Beaver, David and Frazee, Joey},
	booktitle = {The {O}xford {H}andbook of {C}omputational {L}inguistics},
	doi = {10.1093/oxfordhb/9780199573691.013.29},
	edition = 2,
	editor = {Mitkov, Ruslan},
	pages = {94--130},
	publisher = {Oxford University Press},
	title = {Semantics},
	year = {2016}
}

@incollection{Beaver2002,
	address = {Stanford},
	author = {Condoravdi, Cleo},
	booktitle = {The construction of meaning},
	editor = {Beaver, David and Kaufmann, Stefan and Clark, Brady and Casillas, Luis},
	ids = {condoravdi2002},
	pages = {59--88},
	publisher = {Center for the Study of Language and Communication},
	title = {Temporal interpretation of modals: {{M}}odals for the present and for the past},
	year = {2002}
}

@incollection{Asher2007,
	address = {Potsdam},
	author = {Asher, Nicholas and Reese, Brian},
	booktitle = {Interdisciplinary {S}tudies on {I}nformation {S}tructure ({{{{ISIS}}}}) 8 ({W}orking papers of the {{{{SFB}}}} {632})},
	editor = {Shinichiro Ishihara and Stefanie Jannedy and Anne Schwarz},
	ids = {asher+reese2007, asher_intonation_2007, Asher+2007, asher2007, asherreese2007},
	pages = {1--38},
	publisher = {Universitätsverlag},
	title = {Intonation and discourse: {B}iased questions},
	year = {2007}
}

@incollection{Anderbois2019,
	address = {Leiden},
	author = {AnderBois, Scott},
	booktitle = {Questions in discourse},
	editor = {Malte Zimmermann and von Heusinger, Klaus and Onea, Edgar},
	ids = {anderbois2019},
	pages = {118--171},
	publisher = {Brill},
	title = {Negation, alternatives, and negative polar questions in {A}merican {{{{E}}}}nglish},
	volume = {1},
	year = {2019}
}

@inbook{Roeper2016,
	address = {Berlin},
	author = {Tom Roeper},
	booktitle = {Subjective Meaning: {A}lternatives to Relativism},
	doi = {10.1515/9783110402001-010},
	editor = {Cécile Meier and Janneke van Wijnbergen-Huitink},
	isbn = {9783110402001},
	lastchecked = {2025-02-26},
	pages = {201--226},
	publisher = {De Gruyter},
	title = {Propositions and implicit arguments carry a default general point of view},
	year = {2016}
}

@inbook{Nadasdy2004,
	address = {Budapest},
	author = {Nádasdy, Ádám},
	booktitle = {Szmoking és bermuda. {{N}}yelvészeti írások [{T}uxedo and {B}ermuda shorts. {W}ritings about linguistics.]},
	ids = {nadasdy2004},
	page = {224-227},
	publisher = {Magvető},
	title = {Mignont-e eszel? [Are you eating mignon cakes?]},
	year = {2024}
}

@conference{Beyssade2006,
	author = {Beyssade, Claire and Marandin, Jean-Marie},
	booktitle = {Empirical {I}ssues in {S}yntax and {S}emantics 6},
	editor = {Olivier Bonami and Patricia Cabredo Hofherr},
	ids = {beyssademar2006},
	pages = {37--68},
	title = {The speech act assignment problem revisited: {{D}}isentangling speaker's commitment from speaker's call on addressee},
	url = {http://www.cssp.cnrs.fr/eiss6},
	year = {2006}
}

@book{kornfilt,
	address = {London},
	author = {Kornfilt, Jaklin},
	publisher = {Routledge},
	title = {{T}urkish},
	year = {1997}
}

@book{ciardelli2019,
	address = {Oxford},
	author = {Ciardelli, Ivano and Groenendijk, Jeroen and Roelofsen, Floris},
	ids = {ciardelli2019inquisitive, Ciardelli+2018},
	publisher = {Oxford {U}niversity {P}ress},
	title = {Inquisitive {S}emantics},
	year = {2019}
}

@book{bolinger1957,
	address = {Alabama},
	author = {Bolinger, Dwight},
	ids = {bolinger1957interrogative},
	publisher = {University of Alabama Press},
	title = {Interrogative Structures of {A}merican {{{{E}}}}nglish},
	year = {1957}
}

@book{Wiltschko2021,
	address = {Cambridge},
	author = {Martina Wiltschko},
	ids = {wiltschko2021},
	publisher = {Cambridge {U}niversity {P}ress},
	title = {The grammar of interactional language},
	year = {2021}
}

@book{Wells1981,
	address = {Cambridge},
	author = {C. Gordon Wells},
	ids = {wells1981},
	publisher = {Cambridge {U}niversity {P}ress},
	title = {Learning through interaction: {{T}}he study of language development},
	year = {1981}
}

@book{Wang1943,
	address = {Beijing},
	author = {Wang, Li},
	ids = {Wangli1943},
	publisher = {The Commercial Press},
	title = {Zhongguo xiandai yufa, [{C}hinese modern grammar]},
	year = {1943}
}

@book{Vostokow1831,
	address = {St. Petersburg},
	author = {Aleksandr Christoforovič Vostokow},
	ids = {vostokow1831},
	publisher = {Tipografia Imperatorskoj Akademii Nauk},
	sortname = {Aleksandr Christoforovic Vostokow},
	title = {Russkaja grammatika {A}leksandra {V}ostokowa po načertaniju ego že sokraščennoj grammatiki polnee izložennaja [{A} {R}ussian grammar compiled by {A}lexandr {V}ostokov, an extended version]},
	year = {1831}
}

@book{Varga2002,
	address = {Houndmills},
	author = {Varga, László},
	ids = {varga2002},
	publisher = {Palgrave-Macmillan},
	sortname = {Varga, Laszlo},
	title = {Intonation and stress: {{{{E}}}}vidence from {H}ungarian},
	year = {2002}
}

@book{Tompa1961,
	address = {Budapest},
	booktitle = {A \textit{mai magyar nyelv rendszere} {I-{{{II}}}} [{T}he structure of the contemporary {H}ungarian language {I-{{{II}}}}]},
	editor = {Tompa, József},
	ids = {tompa1961-62},
	publisher = {Akadémiai {K}iadó},
	sortname = {Tompa, Jozsef},
	title = {A \textit{mai magyar nyelv rendszere} {I-{{{II}}}} [{T}he structure of the contemporary {H}ungarian language {I-{{{II}}}}]},
	year = {1961/1962}
}

@book{Shao1996,
	address = {Shanghai},
	author = {Shao, Jingmin},
	ids = {Shao},
	publisher = {The Eastern China Normal University Press},
	title = {Xiandai hanyu yiwen juyanxue [{S}tudies on interrogative sentences in modern {C}hinese]},
	year = {1996}
}

@book{Searle1969,
	address = {Cambridge},
	author = {John R. Searle},
	doi = {10.1017/CBO9781139173438},
	ids = {searle1969},
	publisher = {Cambridge {U}niversity {P}ress},
	title = {Speech acts: {A}n essay in the philosophy of language},
	year = {1969}
}

@book{Sadock1974,
	address = {New York},
	author = {Sadock, Jerrold M.},
	ids = {sadock1974},
	publisher = {Academic Press},
	title = {Towards a linguistic theory of speech acts},
	year = {1974}
}

@book{Repp2009,
	address = {Oxford},
	author = {Repp, Sophie},
	ids = {repp_negation_2009},
	publisher = {Oxford {U}niversity {P}ress},
	title = {Negation in Gapping},
	year = {2009}
}

@book{Pustejovsky1996,
	address = {Cambridge},
	author = {Pustejovsky, James},
	publisher = {{MIT} Press},
	title = {The generative lexicon},
	year = {1996}
}

@book{Potts2005,
	address = {Oxford},
	author = {Potts, Christopher.},
	ids = {potts2005},
	publisher = {Oxford {U}niversity {P}ress},
	title = {The logic of conventional implicatures},
	year = {2005}
}

@book{Portner2018,
	address = {Oxford},
	author = {Portner, Paul},
	ids = {portner2018},
	publisher = {Oxford {U}niversity {P}ress},
	title = {Mood},
	year = {2018}
}

@book{Portner2009,
	address = {Oxford},
	author = {Portner, Paul},
	ids = {portner2009},
	publisher = {Oxford {U}niversity {P}ress},
	title = {Modality},
	year = {2009}
}

@book{Pietrandrea2005,
	address = {Amsterdam},
	author = {Pietrandrea, Paola},
	ids = {pietrandrea2005},
	publisher = {John {B}enjamins Publishing},
	title = {Epistemic modality: {{F}}unctional properties and the {I}talian system},
	year = {2005}
}

@book{Ode1989,
	address = {Amsterdam},
	author = {Cecilia Odé},
	ids = {Ode89},
	publisher = {Rodopi},
	sortname = {Cecilia Ode},
	title = {{R}ussian intonation: {{A}} perceptual description},
	volume = {3},
	year = {1989}
}

@book{Matthews2011,
	address = {London},
	author = {Matthews, Stephen and Yip, Virginia},
	ids = {Matthews+2011},
	publisher = {Routledge},
	title = {{C}antonese: {A} comprehensive grammar},
	year = {2011}
}

@book{MacWhinney2000,
	address = {Mahwah},
	author = {Brian MacWhinney},
	edition = 3,
	ids = {macwhin2000},
	publisher = {Lawrence Erlbaum Associates},
	title = {The {{{{CHILDES}}}} {P}roject: {T}ools for analyzing talk},
	year = {2000}
}

@book{MacWhinney1991,
	address = {Hillsdale},
	author = {Brian MacWhinney},
	ids = {macwhin1991},
	publisher = {Erlbaum},
	title = {The {{{{CHILDES}}}} {P}roject: {T}ools for analyzing talk},
	year = {1991}
}

@book{Luke1990,
	address = {Amsterdam/Philadelphia},
	author = {Luke, Kang Kwong},
	publisher = {John {B}enjamins},
	title = {Utterance Particles in {C}antonese Conversation},
	year = {1990}
}

@book{Liu2012,
	address = {Leiden},
	author = {Liu, Mingya},
	ids = {liu2012},
	publisher = {Brill},
	title = {Multidimensional semantics of evaluative adverbs},
	year = {2012}
}

@book{Lepschy1977,
	address = {London},
	author = {Lepschy, Anna Laura and Lepschy, Giulio},
	ids = {Lepschy77},
	publisher = {Hutchinson},
	title = {The {I}talian language today},
	year = {1977}
}

@book{Leech1971,
	address = {London},
	author = {Leech, Geoffrey Neil},
	ids = {leech1971},
	publisher = {Longman},
	title = {Meaning and the {{{{E}}}}nglish verb},
	year = {1971}
}

@book{Lakoff1975,
	address = {New York},
	author = {Robin Lakoff},
	ids = {lakoffr1975},
	publisher = {Harper \& Row},
	title = {Language and woman's place},
	year = {1975}
}

@book{Lahiri2002,
	address = {Oxford},
	author = {Utpal Lahiri},
	ids = {lahiri2002},
	publisher = {Oxford {U}niversity {P}ress},
	title = {Questions and answers in embedded contexts},
	year = {2002}
}

@book{Ladd2008,
	address = {Cambridge},
	author = {Ladd, D. Robert},
	doi = {10.1017/CBO9780511808814},
	edition = 2,
	ids = {ladd08},
	publisher = {Cambridge {U}niversity {P}ress},
	series = {Cambridge {S}tudies in {L}inguistics},
	title = {Intonational phonology},
	year = {2008}
}

@book{Ladd1996,
	address = {Cambridge},
	author = {Ladd, D. Robert},
	ids = {ladd96, Ladd:1996},
	publisher = {Cambridge {U}niversity {P}ress},
	title = {Intonational phonology},
	year = {1996}
}

@book{Kirschbaum2001,
	address = {Berlin},
	author = {Ernst-Georg Kirschbaum},
	ids = {kirschbaum01},
	publisher = {Cornelsen {V}olk und {W}issen {V}erlag},
	title = {{{{Grammatik}}} der Russischen {S}prache},
	year = {2001}
}

@book{Kenesei1998,
	address = {London},
	author = {Kenesei, István and Vago, Robert M. and Fenyvesi, Anna},
	ids = {kenesei-etal},
	publisher = {Routledge},
	sortname = {Kenesei, Istvan and Vago, Robert M. and Fenyvesi, Anna},
	title = {{H}ungarian},
	year = {1998}
}

@book{Kalman2001,
	address = {Budapest},
	author = {Kálmán, László},
	ids = {kalman2001},
	publisher = {Tinta Könyvkiadó},
	sortname = {Kalman, Laszlo},
	title = {Magyar leíró nyelvtan. {{I}}. {M}ondattan [{H}ungarian descriptive grammar. {I}. {S}yntax]},
	year = {2001}
}

@book{Jones1999,
	address = {Berlin},
	author = {Bob Morris Jones},
	ids = {jones1999},
	publisher = {Mouton de {G}ruyter},
	title = {The {W}elsh answering system},
	year = {1999}
}

@book{Jeffrey2004,
	address = {Cambridge},
	author = {Jeffrey, Richard},
	doi = {10.1017/cbo9780511816161},
	publisher = {Cambridge {U}niversity {P}ress},
	title = {Subjective probability, the real thing},
	year = {2004}
}

@book{Jackendoff1972,
	address = {Cambridge},
	author = {Jackendoff, Ray S.},
	ids = {jackendoff1972},
	publisher = {{MIT} Press},
	title = {Semantic interpretation in generative grammar},
	year = {1972}
}

@book{Ifantidou2001,
	address = {Amsterdam},
	author = {Ifantidou, Elly},
	ids = {ifantidou2001},
	publisher = {John {B}enjamins},
	title = {Evidentials and relevance},
	year = {2001}
}

@book{Huddleston2002,
	address = {Cambridge},
	author = {Huddleston, Rodney and Pullum, Geoffrey},
	ids = {huddleston+pullum},
	publisher = {Cambridge {U}niversity {P}ress},
	title = {The {C}ambridge grammar of the {{{{E}}}}nglish language},
	year = {2002}
}

@book{Horn1989,
	address = {Chicago},
	author = {Laurence R. Horn},
	ids = {horn1989},
	publisher = {University of Chicago Press},
	title = {A natural history of negation},
	year = {1989}
}

@book{Holmberg2016,
	address = {Oxford},
	author = {Anders Holmberg},
	ids = {holmberg2016syntax, holmberg2016},
	publisher = {Oxford {U}niversity {P}ress},
	title = {The Syntax of Yes and {No}},
	year = {2016}
}

@book{Hill2013,
	address = {Leiden},
	author = {Virginia Hill},
	ids = {hill2013},
	publisher = {Brill},
	title = {Vocatives: {{H}}ow syntax meets with pragmatics},
	year = {2013}
}

@book{Higgins1976,
	address = {Bloomington},
	author = {Higgins, F. Roger},
	ids = {higgins1976},
	publisher = {Indiana {U}niversity {L}inguistics {C}lub},
	title = {The pseudo-cleft construction in {{{{E}}}}nglish},
	year = {1976}
}

@book{Henry1995,
	address = {New York},
	author = {Alison Henry},
	ids = {henry1995},
	publisher = {Oxford {U}niversity {P}ress},
	title = {Belfast {{{{{{{E}}}}}}}nglish and {S}tandard {{{{{{{E}}}}}}}nglish: {D}ialect variation and parameter setting},
	year = {1995}
}

@book{Gussenhoven2014,
	address = {Berlin},
	author = {Gussenhoven, Carlos},
	ids = {gussenhoven2014},
	note = {reprint},
	publisher = {De Gruyter Mouton},
	title = {On the grammar and semantics of sentence accents},
	year = {2014}
}

@book{Gussenhoven2004,
	address = {Cambridge},
	author = {Gussenhoven, Carlos},
	ids = {gussenhoven04},
	publisher = {Cambridge {U}niversity {P}ress},
	title = {The phonology of tone and intonation},
	year = {2004}
}

@book{Gussenhoven1984,
	address = {Dordrecht},
	author = {Gussenhoven, Carlos},
	ids = {gussenhoven_grammar_1984},
	publisher = {Foris},
	title = {On the Grammar and Semantics of Sentence Accents},
	year = {1984}
}

@book{Gunlogson2003,
	address = {New York},
	author = {Gunlogson, Christine},
	ids = {gunlogson03, gunlogson2003, gunlogson, gunlogson2003true, gunlogson2001},
	publisher = {Routledge},
	title = {True to form: {{R}}ising and falling declaratives as questions in {{{{E}}}}nglish},
	year = {2003}
}

@book{Grosz2012,
	address = {Amsterdam},
	author = {Patrick G. Grosz},
	ids = {grosz12},
	publisher = {Benjamins},
	title = {On the grammar of optative constructions},
	year = {2012}
}

@book{Grice1995,
	address = {Berlin},
	author = {Grice, Martine},
	ids = {grice1995},
	publisher = {Walter de Gruyter},
	title = {The intonation of {P}alermo {I}talian: {{I}}mplications for intonation theory},
	year = {1995}
}

@book{Grice1989,
	address = {Cambridge},
	author = {Paul Grice},
	chapter = {Logic and conversation},
	ids = {grice89:lc},
	publisher = {Harvard {U}niversity {P}ress},
	title = {Studies in the way of words},
	year = {1989}
}

@book{Gretsy1980,
	address = {Budapest},
	author = {Grétsy, László and Kovalovszky, Miklós},
	ids = {gretsy-kovalovszky},
	publisher = {Akadémiai Kiadó},
	sortname = {Gretsy, Laszlo and Kovalovszky, Miklos},
	title = {Nyelvm{\H u}vel{\H o} kézikönyv {I-{{{II}}}} [{H}andbook of language cultivation {I-{{{II}}}}]},
	year = {1980/1985}
}

@book{Goksel2005,
	address = {London},
	author = {Göksel, Aslı and Kerslake, Celia},
	ids = {gokselkerslake},
	publisher = {Routledge},
	sortname = {Goksel, Asli and Kerslake, Celia},
	title = {{T}urkish: {A} comprehensive grammar},
	year = {2005}
}

@book{Ginzburg2001,
	address = {Oxford},
	author = {Ginzburg, Jonathan and Sag, Ivan},
	ids = {ginzburg_interrogative_2001},
	publisher = {Oxford {U}niversity {P}ress},
	title = {Interrogative investigations},
	year = {2001}
}

@book{Giannakidou2021b,
	address = {Chicago},
	author = {Giannakidou, Anastasia and Mari, Alda},
	ids = {giannakidoumari2021b},
	publisher = {University of Chicago Press},
	title = {Truth and veridicality in grammar and thought: {{M}}ood, modality, and propositional attitudes},
	year = {2021}
}

@book{Giannakidou1998,
	address = {Amsterdam},
	author = {Giannakidou, Anastasia},
	ids = {giannakidou1998},
	publisher = {John {B}enjamins Publishing Company},
	title = {Polarity sensitivity as (non) veridical dependency},
	year = {1998}
}

@book{Farkas1985,
	address = {New York},
	author = {Farkas, Donka},
	ids = {farkas1985},
	publisher = {Garland Pub},
	title = {Intensional descriptions and the {R}omance subjunctive mood},
	year = {1985}
}

@book{EKiss2002,
	address = {Cambridge},
	author = {É. Kiss, Katalin},
	ids = {ekiss2002},
	publisher = {Cambridge {U}niversity {P}ress},
	sortname = {E. Kiss, Katalin},
	title = {The syntax of {H}ungarian},
	year = {2002}
}

@book{Declerck1979,
	address = {Dordrecht},
	author = {Declerck, Renaat},
	publisher = {Foris},
	title = {Studies on copular sentences, clefts and pseudo-clefts},
	year = {1979}
}

@book{Dayal2017,
	address = {Oxford},
	author = {Dayal, Veneeta},
	ids = {dayal_questions_2017, Dayal2016},
	publisher = {Oxford {U}niversity {P}ress},
	title = {Questions},
	year = {2017}
}

@book{Dayal1996,
	address = {Dordrecht},
	author = {Dayal, Veneeta},
	ids = {dayal1996},
	publisher = {Kluwer},
	title = {Locality in {{{{{{{WH}}}}}}} quantification},
	year = {1996}
}

@book{Cruse1986,
	address = {Cambridge},
	author = {Cruse, D. A.},
	publisher = {Cambridge {U}niversity {P}ress},
	title = {Lexical semantics},
	year = {1986}
}

@book{Coates1983,
	address = {London},
	author = {Coates, Jennifer},
	ids = {coates1983},
	publisher = {Croom},
	title = {The semantics of modal auxiliaries},
	year = {1983}
}

@book{Clark1996,
	address = {Cambridge},
	author = {Clark, Herbert H.},
	publisher = {Cambridge {U}niversity {P}ress},
	title = {Using language},
	year = {1996}
}

@book{Chierchia2013,
	address = {Oxford},
	author = {Gennaro Chierchia},
	ids = {Chierchia:2013},
	publisher = {Oxford {U}niversity {P}ress},
	title = {Logic in Grammar},
	year = {2013}
}

@book{Chatzopoulou2018,
	address = {Oxford},
	author = {Chatzopoulou, Katerina},
	ids = {chatzopoulou2019},
	publisher = {Oxford {U}niversity {P}ress},
	title = {Negation and nonveridicality in the history of {G}reek},
	year = {2018}
}

@book{Chao1968,
	address = {Berkeley},
	author = {Chao, Yuanren},
	ids = {Chaospoken1968},
	publisher = {University of California Press},
	title = {A grammar of spoken {C}hinese},
	year = {1968}
}

@book{Brown1973,
	address = {Cambridge},
	author = {Roger Brown},
	ids = {brown1973},
	publisher = {Harvard {U}niversity {P}ress},
	title = {A first language: {{T}}he early stages},
	year = {1973}
}

@book{Beaver2008,
	address = {West Sussex},
	author = {Beaver, David I. and Clark, Brady Z.},
	ids = {beaver+clark},
	publisher = {Wiley-Blackwell},
	series = {Explorations in {S}emantics},
	title = {Sense and sensitivity: {{H}}ow focus determines meaning},
	year = {2008}
}

@book{Bartels1999,
	address = {New York},
	author = {Bartels, Christine},
	ids = {bartels99, Bartels:1999},
	publisher = {Routledge},
	series = {Outstanding dissertations in linguistics},
	title = {The intonation of {{{{E}}}}nglish statements and questions: {A} compositional interpretation},
	year = {1999}
}

@book{Asher2011,
	address = {Cambridge},
	author = {Asher, Nicholas},
	publisher = {Cambridge {U}niversity {P}ress},
	title = {Lexical meaning in context: {{A}} web of words},
	year = {2011}
}

@book{Asher2003,
	address = {Cambridge},
	author = {Asher, Nicholas and Lascarides, Alex},
	ids = {asher+lascarides2003},
	publisher = {Cambridge {U}niversity {P}ress},
	title = {Logics of conversation},
	year = {2003}
}

@book{Apresjan1980,
	address = {Wien},
	author = {Jurij Derenikovič Apresjan},
	doi = {10.3726/b12934},
	ids = {apresjan80},
	number = {Sonderband 1},
	publisher = {Peter Lang International Academic Publishers},
	series = {Wiener {S}lawistischer {A}lmanach},
	sortname = {Jurij Derenikovic Apresjan},
	title = {Tipy informacii dlja poverchnostnosemantičeskogo komponenta modeli ``smysl--text'' [information types for surface semantic component of the model ``meaning-text'']},
	year = {1980}
}

@book{Akmajian1979,
	address = {New York},
	author = {Akmajian, Adrian},
	ids = {akmajian1979},
	publisher = {Garland},
	title = {Aspects of the grammar of focus in {{{{E}}}}nglish},
	year = {1979}
}

@article{vonFintel2010,
	author = {von Fintel, Kai and Gillies, Anthony S.},
	ids = {von2010},
	journal = {Natural {L}anguage {S}emantics},
	pages = {351--383},
	title = {Must... {{S}}tay... {{S}}trong!},
	volume = {18},
	year = {2010}
}

@article{vonFintel2008,
	author = {von Fintel, Kai},
	ids = {von2008},
	journal = {Philosophical {P}erspectives},
	pages = {137--170},
	title = {What is presupposition accommodation, again?},
	volume = {22},
	year = {2008}
}

@article{vanRooji2003b,
	author = {van Rooij, Robert},
	ids = {vanRooy:2003, vanrooy2003b, Rooy2003},
	journal = {Journal of {S}emantics},
	number = {3},
	pages = {239--274},
	title = {Negative polarity items in questions: {S}trength as relevance},
	volume = {20},
	year = {2003}
}

@article{krifka1995,
	author = {Krifka, Manfred},
	ids = {krifka1995semantics},
	journal = {Linguistic {A}nalysis},
	number = {3-4},
	pages = {209--257},
	title = {The semantics and pragmatics of polarity items},
	volume = {25},
	year = {1995}
}

@article{kadmon1993,
	author = {Kadmon, Nirit and Landman, Fred},
	ids = {Kadmon:1993},
	journal = {Linguistics and {P}hilosophy},
	number = {4},
	pages = {353--422},
	title = {Any},
	volume = {16},
	year = {1993}
}

@article{delancey1997,
	author = {Delancey, Scott},
	ids = {delancey1997mirativity},
	journal = {Linguistic Typology},
	pages = {33--52},
	title = {Mirativity: {T}he grammatical marking of unexpected information},
	volume = {1},
	year = {1997}
}

@article{Zalizniak2020,
	author = {Anna Zalizniak},
	ids = {zalizniak20},
	journal = {Izvestiia Rossiiskoi akademii nauk. Serija literatury i jazyka},
	number = {4},
	pages = {5--11},
	title = {The {R}ussian \textit{razve}: {{F}}rom a proposition to an interrogative particle},
	volume = {79},
	year = {2020}
}

@article{Yu2019,
	author = {Alan C. L. Yu and Georgia Zellou},
	ids = {yu2019aa},
	journal = {Annual {R}eview of {L}inguistics},
	pages = {131--150},
	title = {Individual differences in language processing: {{P}}honology},
	volume = {5},
	year = {2019}
}

@article{Yano2018,
	author = {Yano, Masataka and Koizumi, Masatoshi},
	journal = {Language, {C}ognition and {N}euroscience},
	number = {10},
	pages = {1340--1354},
	title = {Processing of non-canonical word orders in (in)felicitous contexts: {{{{{E}}}}}vidence from event-related brain potentials},
	volume = {33},
	year = {2018}
}

@article{Xu2005,
	author = {Yi Xu},
	doi = {10.1016/j.specom.2005.02.014},
	ids = {XU05},
	journal = {Speech {C}ommunication},
	number = {3},
	pages = {220--251},
	title = {Speech melody as articulatorily implemented communicative functions},
	volume = {46},
	year = {2005}
}

@article{Woods2021c,
	author = {Rebecca Woods},
	doi = {10.1017/S1360674319000510},
	ids = {woods2021please},
	journal = {{E}nglish {L}anguage and {L}inguistics},
	number = {1},
	pages = {121--153},
	title = {Towards a model of the syntax-discourse interface: {{A}} syntactic analysis of \textit{please}},
	volume = {25},
	year = {2021}
}

@article{Woods2021b,
	author = {Rebecca Woods and Luis Vicente},
	doi = {10.5334/gjgl.1169},
	ids = {woods2021why},
	journal = {Glossa: {A} {J}ournal of {G}eneral {L}inguistics},
	number = {1},
	pages = {84: 1--32},
	title = {Metacommunicative-why fragments as probes into the grammar of the speech act layer},
	volume = {6},
	year = {2021}
}

@article{Winefield1989,
	author = {Helen R. Winefield and Margaret A. Chandler and Darryl L. Bassett},
	ids = {winefieldetal1989},
	journal = {Language and {S}ociety},
	pages = {77--86},
	title = {Tag structures and powerfulness: {{Q}}uantitative and qualitative analyses of a course of psychotherapy},
	volume = {18},
	year = {1989}
}

@article{Wiltschko2018,
	author = {Martina Wiltschko and Derek Denis and Alexandra D'Arcy},
	doi = {10.1017/S004740451800057X},
	ids = {wiltschkoetal2018},
	journal = {Language in {S}ociety},
	pages = {569--599},
	sortname = {Martina Wiltschko and Derek Denis and Alexandra D'Arcy},
	title = {Deconstructing variation in pragmatic function: {{A}} transdisciplinary case study},
	volume = {47},
	year = {2018}
}

@article{Wilder2013,
	author = {Wilder, Chris},
	doi = {10.1016/j.lingua.2012.10.005},
	journal = {Lingua},
	pages = {142--171},
	title = {{{{{E}}}}nglish `emphatic do'},
	volume = {128},
	year = {2013}
}

@article{Westera2018,
	author = {Westera, Matthijs},
	ids = {westera18},
	journal = {Glossa: {A} {J}ournal of {G}eneral {L}inguistics},
	number = {1},
	pages = {121},
	title = {Rising declaratives of the quality-suspending kind},
	volume = {3},
	year = {2018}
}

@article{Watanabe2004,
	author = {Watanabe, Akira},
	ids = {Watanabe:2004},
	journal = {Linguistic Inquiry},
	number = {4},
	pages = {559--612},
	title = {The genesis of negative concord: {{S}}yntax and morphology of negative doubling},
	volume = {35},
	year = {2004}
}

@article{Warren2017,
	author = {Paul Warren},
	doi = {10.5334/labphon.92},
	ids = {warren2017},
	journal = {Laboratory {P}honology},
	number = {1},
	pages = {1--21},
	title = {The interpretation of prosodic variability in the context of accompanying sociophonetic cues},
	volume = {8},
	year = {2017}
}

@article{Ward1985,
	author = {Ward, Gregory and Hirschberg, Julia},
	ids = {ward85},
	journal = {Language},
	number = {3},
	pages = {747--776},
	title = {Implicating uncertainty: {{T}}he pragmatics of fall-rise intonation},
	volume = {61},
	year = {1985}
}

@article{Wakefield2012,
	author = {Wakefield, John C.},
	journal = {Lingua},
	pages = {1739--1762},
	title = {A floating tone discourse morpheme: {{T}}he {{{{E}}}}nglish equivalent of {C}antonese lo1},
	volume = {122},
	year = {2012}
}

@article{Vanrell2017,
	author = {Vanrell, Maria del Mar and Armstrong, Meghan E. and Prieto, Pilar},
	ids = {vanrell2017experimental},
	journal = {Language and {S}peech},
	number = {2},
	pages = {242--259},
	title = {Experimental evidence for the role of intonation in evidential marking},
	volume = {60},
	year = {2017}
}

@article{Vanrell2014,
	author = {Vanrell, María del Mar and Ballone, Francesc and Schirru, Carlo and Prieto, Pilar},
	doi = {10.3989/loquens.2014.014},
	ids = {del2014intonation},
	journal = {Loquens},
	pages = {e014},
	sortname = {Vanrell, Maria del Mar and Ballone, Francesc and Schirru, Carlo and Prieto, Pilar},
	title = {Intonation and its interfaces in {S}ardinian polar questions},
	volume = {1},
	year = {2014}
}

@article{Vanrell2012,
	author = {Vanrell, Maria del Mar and Mascaró, Ignasi and Torres-Tamarit, Francesc and Prieto, Pilar},
	journal = {Language and {S}peech},
	number = {2},
	pages = {163--190},
	sortname = {Vanrell, Maria del Mar and Mascaro, Ignasi and Torres-Tamarit, Francesc and Prieto, Pilar},
	title = {Intonation as an encoder of speaker certainty: {{I}}nformation and confirmation yes-no questions in {{{Catalan}}}},
	volume = {56},
	year = {2012}
}

@article{Valian1991,
	author = {Virginia Valian},
	ids = {valian1991},
	journal = {Cognition},
	pages = {21--81},
	title = {Syntactic subjects in the early speech of {A}merican and {I}talian children},
	volume = {40},
	year = {1991}
}

@article{Unger1977,
	author = {Unger, Peter},
	ids = {unger1977},
	journal = {American {P}hilosophical {Q}uarterly},
	pages = {177--188},
	title = {The uniqueness in causation},
	volume = {14},
	year = {1977}
}

@article{Uegaki2018,
	author = {Uegaki, Wataru},
	ids = {uegaki2018},
	journal = {Glossa: {A} {J}ournal of {G}eneral {L}inguistics},
	number = {1},
	pages = {14},
	title = {A unified semantics for the {J}apanese Q-particle \textit{ka} in indefinites, questions and disjunctions},
	volume = {3},
	year = {2018}
}

@article{Truckenbrodt2006,
	author = {Truckenbrodt, Hubert},
	doi = {10.1515/TL.2006.018},
	ids = {truckenbrodt06},
	journal = {Theoretical {L}inguistics},
	number = {3},
	pages = {257--306},
	title = {On the semantic motivation of syntactic verb movement to {{C}} in {G}erman},
	volume = {32},
	year = {2006}
}

@article{Tian2021,
	author = {Tian, Ye and van Tiel, Bob and Clin, Élise and Breheny, Richard},
	ids = {tian_representing_2021},
	journal = {Journal of {P}sycholinguistic {R}esearch},
	pages = {1535--1555},
	sortname = {Tian, Ye and van Tiel, Bob and Clin, Elise and Breheny, Richard},
	title = {Representing polar questions},
	volume = {50},
	year = {2021}
}

@article{Tian2010,
	author = {Tian, Ye and Breheny, Richard and Ferguson, Heather J.},
	journal = {Quarterly {J}ournal of {E}xperimental {P}sychology},
	number = {12},
	pages = {2305--2312},
	title = {Why we simulate negated information: {{A}} dynamic pragmatic account},
	volume = {63},
	year = {2010}
}

@article{Theakston2001,
	author = {Anna L. Theakston and Elena V. M. Lieven and Julian M. Pine and Caroline F. Rowland},
	ids = {theakstonetal2001},
	journal = {Journal of {C}hild {L}anguage},
	pages = {127--152},
	title = {The role of performance limitations in the acquisition of verb-argument structure: {{A}}n alternative account},
	volume = {28},
	year = {2001}
}

@article{Szasz1905,
	author = {Szász, Károly legifj.},
	ids = {szasz1905},
	journal = {Magyar Nyelv},
	pages = {459--460},
	sortname = {Szasz, Karoly legifj.},
	title = {A kérd{\H o} \textit{-e} kérdéséhez [{O}n interrogative \textit{-e}]},
	volume = {1},
	year = {1905}
}

@article{Szabolcsi1994,
	author = {Szabolcsi, Anna},
	ids = {szabolcsi94},
	journal = {Acta {L}inguistica {H}ungarica},
	number = {3/4},
	pages = {171--187},
	title = {All quantifiers are not equal: {T}he case of focus},
	url = {https://www.jstor.org/stable/44306737},
	volume = {42},
	year = {1994}
}

@article{Sybesma2007,
	author = {Sybesma, Rint and Li, Boya},
	ids = {Sybesma+2007},
	journal = {Lingua},
	pages = {1739--1783},
	title = {The dissection and structural mapping of {{C}antonese} sentence final particles},
	volume = {117},
	year = {2007}
}

@article{Suranyi2009,
	author = {Surányi, Balázs},
	doi = {10.1556/aling.56.2009.2-3.3},
	ids = {suranyi2009},
	journal = {Acta {L}inguistica {H}ungarica},
	number = {2-3},
	pages = {201--249},
	sortname = {Suranyi, Balazs},
	title = {Verbal particles inside and outside of {vP}},
	volume = {56},
	year = {2009}
}

@article{Suppes1974,
	author = {Patrick Suppes},
	ids = {suppes1974},
	journal = {American {P}sychologist},
	pages = {103--114},
	title = {The semantics of children's language},
	volume = {29},
	year = {1974}
}

@article{Stenius1967,
	author = {Stenius, Erik},
	doi = {10.1007/BF00485030},
	journal = {Synthèse},
	pages = {254--274},
	title = {Mood and language-game},
	volume = {17},
	year = {1967}
}

@article{Stalnaker2002,
	author = {Robert Stalnaker},
	ids = {stalnaker2002},
	journal = {Linguistics and {P}hilosophy},
	pages = {701--721},
	title = {Common ground},
	volume = {25},
	year = {2002}
}

@article{Silk2020,
	author = {Silk, Alex},
	ids = {silk2020, silk20},
	journal = {Journal of {P}hilosophical {L}ogic},
	pages = {51--92},
	title = {Expectation biases and context management with negative polar questions},
	volume = {49},
	year = {2020}
}

@article{Sigurdsson2014,
	author = {Halldór {\'A}rmann Sigurðsson},
	ids = {sigurdsson2014},
	journal = {Language {S}ciences},
	pages = {175--188},
	sortname = {Halldor {A}rmann Sigurdsson},
	title = {Context-linked grammar},
	volume = {46},
	year = {2014}
}

@article{Shklovsky2014,
	author = {Kirill Shklovsky and Yasutada Sudo},
	doi = {10.1162/LING_a_00160},
	journal = {Linguistic Inquiry},
	number = {3},
	page = {381–402},
	pages = {\biberror{no pages}},
	title = {The Syntax of Monsters},
	volume = {45},
	year = {2014}
}

@article{Sherman2018,
	author = {Sherman, Brett},
	ids = {sherman2018},
	journal = {The {P}hilosophical {Q}uarterly},
	number = {273},
	pages = {819--840},
	title = {Open questions and epistemic necessity},
	volume = {68},
	year = {2018}
}

@article{Selkirk2008,
	author = {Selkirk, Elisabeth},
	doi = {10.1556/aling.55.2008.3-4.8},
	journal = {Acta {L}inguistica {H}ungarica},
	number = {3-4},
	pages = {331--346},
	title = {Contrastive focus, givenness and the unmarked status of ``discourse-new''},
	volume = {55},
	year = {2008}
}

@article{Schwarzschild1999,
	author = {Schwarzschild, Roger},
	doi = {10.1023/A:1008370902407},
	journal = {Natural {L}anguage {S}emantics},
	pages = {141--177},
	title = {Givenness, {avoidF} and other constraints on the placement of accent},
	volume = {7},
	year = {1999}
}

@article{Schwarz2012,
	author = {Florian Schwarz},
	ids = {schwarz2012},
	journal = {Natural {L}anguage {S}emantics},
	number = {4},
	pages = {431--475},
	title = {Situation pronouns as arguments of determiners},
	volume = {20},
	year = {2012}
}

@article{Schubiger1965,
	author = {Schubiger, Maria},
	journal = {Phonetica},
	pages = {65--84},
	title = {{{{{E}}}}nglish intonation and {G}erman modal particles: {{A}} comparative study},
	volume = {12},
	year = {1965}
}

@article{Schmitz2021,
	author = {Michael Schmitz},
	doi = {10.20935/AL3239},
	ids = {schmitz2021},
	journal = {Academia {L}etters},
	pages = {Article 3239},
	title = {Questions are higher-level acts},
	volume = {\biberror{no volume}},
	year = {2021}
}

@article{Schlenker2008,
	author = {Philippe Schlenker},
	ids = {schlenker2008articulate},
	journal = {Theoretical {L}inguistics},
	number = {3},
	pages = {157--212},
	title = {{{{Be}}} articulate: {{A}} pragmatic theory of presupposition projection},
	volume = {34},
	year = {2008}
}

@article{Schaffer2005,
	author = {Schaffer, Deborah},
	journal = {Journal of {P}ragmatics},
	pages = {433--460},
	title = {Can rhetorical questions function as retorts? {{I}}s the {P}ope {C}atholic?},
	volume = {37},
	year = {2005}
}

@article{Savino2012,
	author = {Savino, Michelina},
	ids = {savino2012},
	journal = {Journal of the {I}nternational {P}honetic {A}ssociation},
	number = {1},
	pages = {23--48},
	title = {The intonation of polar questions in {I}talian: {{W}}here is the rise?},
	volume = {42},
	year = {2012}
}

@article{Saebo2016,
	author = {Sæbø, Kjell Johan},
	ids = {saeboe2016},
	journal = {Synthese},
	pages = {3169--3194},
	sortname = {Saebo, Kjell Johan},
	title = {\textit{How} questions and the manner-method distinction},
	volume = {193},
	year = {2016}
}

@article{Sadock1971,
	author = {Sadock, Jerrold M.},
	ids = {sadock1971},
	journal = {Papers from the {R}egional {M}eeting of the {Chicago} {L}inguistic {S}ociety ({{CLS}})},
	pages = {223--231},
	title = {Queclaratives},
	volume = {7},
	year = {1971}
}

@article{Rudin2022,
	author = {Rudin, Deniz},
	doi = {10.1093/jos/ffac002},
	ids = {rudin22, rudin-rd},
	journal = {Journal of {S}emantics},
	number = {2},
	pages = {339--383},
	title = {Intonational Commitments},
	volume = {39},
	year = {2022}
}

@article{Rouchota1994,
	author = {Rouchota, Villy},
	ids = {rouchota1994},
	journal = {Journal of {L}inguistics},
	number = {2},
	pages = {441--475},
	title = {On indefinite descriptions},
	volume = {30},
	year = {1994}
}

@article{Rooth1992,
	author = {Rooth, Mats},
	ids = {rooth1992},
	journal = {Natural {L}anguage {S}emantics},
	pages = {75--116},
	title = {A theory of focus interpretation},
	volume = {1},
	year = {1992}
}

@article{Romero2004,
	author = {Romero, Maribel and Han, Chung-Hye},
	ids = {romero2004, romerohan2004negative, romero+han, Romero, romero_negative_2004, romerohan2004},
	journal = {Linguistics and {P}hilosophy},
	number = {5},
	pages = {609--658},
	title = {On Negative Yes/{No} Questions},
	volume = {27},
	year = {2004}
}

@article{Rohde2006,
	author = {Rohde, Hannah},
	journal = {{San Diego} {L}inguistics Papers},
	pages = {134--168},
	title = {Rhetorical questions as redundant interrogatives},
	url = {https://escholarship.org/uc/item/4xd7t5ww},
	volume = {2},
	year = {2006}
}

@article{Roettger2020,
	author = {Roettger, Timo B. and Rimland, Kim},
	doi = {10.1016/j.cognition.2020.104372},
	ids = {roettger2020aa},
	journal = {Cognition},
	pages = {104372},
	title = {Listeners' adaptation to unreliable intonation is speaker-sensitive},
	volume = {204},
	year = {2020}
}

@article{Roettger2019,
	author = {Roettger, Timo B. and Franke, Michael},
	ids = {roettger2019evidential},
	journal = {Cognitive {S}cience},
	number = {7},
	pages = {e12745},
	title = {Evidential strength of intonational cues and rational adaptation to (un-)reliable intonation},
	volume = {43},
	year = {2019}
}

@article{Roelofsen2023,
	author = {Sunwoo Jeong and Floris Roelofsen},
	doi = {10.1093/jos/ffac014},
	ids = {roelofsenjeong2022focused},
	journal = {Journal of {S}emantics},
	pages = {1--68},
	title = {Focused {{{{NPI}}}s} in statements and questions},
	volume = {40},
	year = {2023}
}

@article{Roelofsen2015,
	author = {Roelofsen, Floris and Farkas, Donka F.},
	ids = {RF2015, roelofsen_polarity_2015, Roelofsen+2015, roelofsen2015, roelofsen2015polarity},
	journal = {Language},
	number = {2},
	pages = {359--414},
	title = {Polarity particle responses as a window onto the interpretation of questions and assertions},
	volume = {91},
	year = {2015}
}

@article{Rochemont2013,
	author = {Rochemont, Michael},
	doi = {10.1016/j.lingua.2013.07.016},
	journal = {Lingua},
	pages = {38--62},
	title = {Discourse new, {F}-marking, and normal stress},
	volume = {136},
	year = {2013}
}

@article{Roberts2012,
	author = {Roberts, Craige},
	ids = {roberts12, roberts2012},
	journal = {Semantics and {P}ragmatics},
	number = {6},
	pages = {1--69},
	title = {Information structure in discourse: {{T}}owards an integrated formal theory of pragmatics},
	volume = {5},
	year = {2012}
}

@article{Rizzi1993,
	author = {Luigi Rizzi},
	ids = {rizzi9394},
	journal = {Language {A}cquisition},
	number = {4},
	pages = {371--393},
	title = {Some notes on linguistic theory and language development: {{T}}he case of root infinitives},
	volume = {3},
	year = {1993/1994}
}

@article{Repp2006,
	author = {Sophie Repp},
	ids = {Repp06},
	journal = {Research on {L}anguage and {C}omputation},
	number = {4},
	pages = {397--423},
	title = {{¬(A\&B)}. {G}apping, negation and speech act operators},
	volume = {4},
	year = {2006}
}

@article{Reis1999,
	author = {Reis, Marga},
	ids = {reis1999},
	journal = {Interdisciplinary {J}ournal for {G}ermanic {L}inguistics and {S}emiotic {A}nalysis},
	pages = {195--236},
	title = {On sentence types in {G}erman},
	volume = {4},
	year = {1999}
}

@article{Rayner1978,
	author = {Rayner, Keith},
	journal = {Psychological {B}ulletin},
	number = {3},
	pages = {618--660},
	title = {Eye movements in reading and information processing},
	volume = {85},
	year = {1978}
}

@article{Raymond2021,
	author = {Raymond, Chase Wesley and Heritage, John},
	ids = {raymond2021probability},
	journal = {Research on {L}anguage and {S}ocial {I}nteraction},
	number = {1},
	pages = {60--79},
	title = {Probability and valence: {{T}}wo preferences in the design of polar questions and their management},
	volume = {54},
	year = {2021}
}

@article{Prieto2021,
	author = {Prieto, Pilar and Roseano, Paolo},
	doi = {10.1016/j.pragma.2020.11.008},
	ids = {Prieto+2021},
	journal = {Journal of {P}ragmatics},
	pages = {146--163},
	title = {The encoding of epistemic operations in two {R}omance languages: {{T}}he interplay between intonation and discourse markers},
	volume = {172},
	year = {2021}
}

@article{Prieto2018,
	author = {Prieto, Pilar and Borràs-Comes, Joan},
	ids = {prieto2018question, Prieto+2018},
	journal = {Natural {L}anguage \& {L}inguistic {T}heory},
	number = {2},
	pages = {563--586},
	sortname = {Prieto, Pilar and Borras-Comes, Joan},
	title = {Question intonation contours as dynamic epistemic operators},
	volume = {36},
	year = {2018}
}

@article{Prieto2015,
	author = {Prieto, Pilar},
	journal = {Wiley Interdisciplinary Reviews: Cognitive Science},
	pages = {371--381},
	title = {Intonational meaning},
	volume = {6},
	year = {2015}
}

@article{Prieto2005,
	author = {Prieto, Pilar and D'Imperio, Mariapaola and Gili Fivela, Barbara},
	doi = {10.1177/00238309050480040301},
	ids = {prietoetal2005},
	journal = {Language and {S}peech},
	number = {4},
	pages = {359--396},
	sortname = {Prieto, Pilar and D'Imperio, Mariapaola and Gili Fivela, Barbara},
	title = {Pitch accent alignment in {R}omance: {{P}}rimary and secondary associations with metrical structure},
	volume = {48},
	year = {2005}
}

@article{Portes2019,
	author = {Portes, Cristel and German, James Sneed},
	ids = {portesGerman2019, portesgerman2019},
	journal = {Laboratory {P}honology: {J}ournal of the {A}ssociation for {L}aboratory {P}honology},
	pages = {1--26},
	title = {Implicit effects of regional cues on the interpretation of intonation by {C}orsican {F}rench listeners},
	volume = {10},
	year = {2019}
}

@article{Portes2015,
	author = {Portes, Cristel and Beyssade, Claire},
	ids = {Portes2015IsIM},
	journal = {Verbum},
	number = {2},
	title = {Is intonational meaning compositional?},
	url = {https://api.semanticscholar.org/CorpusID:27286227},
	volume = {37},
	year = {2015}
}

@article{Portes2014b,
	author = {Portes, Cristel and Beyssade, Claire and Michelas, Amandine and Marandin, Jean-Marie and Champagne-Lavau, Maud},
	doi = {10.1016/j.pragma.2014.08.013},
	ids = {portesetal2014},
	journal = {Journal of {P}ragmatics},
	pages = {15--29},
	title = {The dialogical dimension of intonational meaning: {{{{E}}}}vidence from {F}rench},
	volume = {74},
	year = {2014}
}

@article{Pierrehumbert2016,
	author = {Pierrehumbert, Janet B.},
	ids = {pierrehumbert2016aa},
	journal = {Annual {R}eview of {L}inguistics},
	pages = {33--52},
	title = {Phonological representation: {{B}}eyond abstract versus episodic},
	volume = {2},
	year = {2016}
}

@article{Paradis2001,
	author = {Paradis, Carita},
	doi = {10.1515/cogl.12.1.47},
	journal = {Cognitive Linguistics},
	number = {1},
	pages = {47--65},
	title = {Adjectives and boundedness},
	volume = {12},
	year = {2001}
}

@article{Orrico2022,
	author = {Orrico, Riccardo and D'Imperio, Mariapaola},
	ids = {orrico2022},
	journal = {Journal of {P}ragmatics},
	pages = {242--266},
	sortname = {Orrico, Riccardo and D'Imperio, Mariapaola},
	title = {Intonational cues to speaker bias in questions and the role of language exposure},
	volume = {200},
	year = {2022}
}

@article{Orrico2020b,
	author = {Orrico, Riccardo and D'Imperio, Mariapaola},
	ids = {Orrico+2020},
	journal = {Laboratory Phonology: Journal of the Association for Laboratory Phonology},
	number = {1},
	pages = {12, 1--39},
	sortname = {Orrico, Riccardo and D'Imperio, Mariapaola},
	title = {Individual empathy levels affect gradual intonation-meaning mapping: {{T}}he case of biased questions in {S}alerno {I}talian},
	volume = {11},
	year = {2020}
}

@article{OConnor1955,
	author = {J. D. O'Connor},
	doi = {10.1080/00138385508596942},
	ids = {oconnor1955},
	journal = {{E}nglish {S}tudies},
	number = {1-6},
	pages = {97--105},
	sortname = {J. D. O'Connor},
	title = {The intonation of tag structures in {{{{E}}}}nglish},
	volume = {36},
	year = {1955}
}

@article{Noh2013,
	author = {Noh, Eun-Ju and Choo, Hyeree and Koh, Sungryong},
	journal = {Journal of {P}ragmatics},
	pages = {1--18},
	title = {Processing metalinguistic negation: {{{{{E}}}}}vidence from eye-tracking experiments},
	volume = {57},
	year = {2013}
}

@article{Nieuwland2008,
	author = {Nieuwland, Mante S. and Kuperberg, Gina R.},
	journal = {Psychological Science},
	number = {12},
	pages = {1213--1218},
	title = {When the truth is not too hard to handle},
	volume = {19},
	year = {2008}
}

@article{Nicolae2015,
	author = {Andreea Nicolae},
	ids = {nicolae2015questions},
	journal = {Natural {L}anguage {S}emantics},
	pages = {21--76},
	title = {Questions with {{{{NPI}}}s}},
	volume = {23},
	year = {2015}
}

@article{MosegaardHansen2001,
	author = {Mosegaard Hansen, Maj-Britt},
	doi = {10.1075/sl.25.3.04mos},
	ids = {hansen01},
	journal = {Studies in {L}anguage},
	number = {3},
	pages = {463--520},
	title = {Syntax in interaction: {F}orm and function of yes/no interrogatives in spoken standard {F}rench},
	volume = {25},
	year = {2001}
}

@article{Morzycki2012,
	author = {Morzycki, Marcin},
	doi = {10.1007/s11049-011-9162-0},
	journal = {Natural {L}anguage \& {L}inguistic {T}heory},
	number = {2},
	pages = {567--609},
	title = {Adjectival extremeness: {{D}}egree modification and contextually restricted scales},
	volume = {30},
	year = {2012}
}

@article{Michelas2016,
	author = {Michelas, Amandine and Portes, Cristel and Champagne-Lavau, Maud},
	ids = {MiPorCham-Lav2016},
	journal = {Language and {S}peech},
	number = {2},
	pages = {266--293},
	title = {When pitch accents encode speaker commitment: {{{{{E}}}}}vidence from {F}rench intonation},
	volume = {59},
	year = {2016}
}

@article{Meyer2006,
	author = {Roland Meyer and Ina Mleinek},
	ids = {meyer06},
	journal = {Journal of {P}ragmatics},
	number = {10},
	pages = {1615--1635},
	title = {How prosody signals force and focus: {{A}} study of pitch accents in {R}ussian yes-no questions},
	volume = {38},
	year = {2006}
}

@article{MenendezBenito2010,
	author = {Paula Menéndez-Benito},
	ids = {Menendez-Benito:2010},
	journal = {Natural {L}anguage {S}emantics},
	number = {1},
	pages = {33--64},
	sortname = {Paula Menendez-Benito},
	title = {On universal free choice items},
	volume = {18},
	year = {2010}
}

@article{McCready2007,
	author = {McCready, Eric and Ogata, Norry},
	ids = {MO2007},
	journal = {Linguistics and {P}hilosophy},
	pages = {35--63},
	title = {Evidentiality, modality and probability},
	volume = {30},
	year = {2007}
}

@article{Matthewson2010,
	author = {Matthewson, Lisa},
	ids = {matthewson2010},
	journal = {Semantics and {P}ragmatics},
	pages = {1--74},
	title = {Cross-linguistic variation in modality systems: {{T}}he role of mood},
	volume = {3},
	year = {2010}
}

@article{Matko2014,
	author = {Irina Dmitrievna Mat'ko},
	ids = {matko14},
	journal = {Vesnik {H}rodzenskaha {D}zjaržaŭnaha {U}niversitėta {I}mja {J}anki {K}upaly},
	number = {179},
	pages = {40--50},
	sortname = {Irina Dmitrievna Mat'ko},
	title = {K voprosu o pragmatičeskich ėkvivalentach: {{P}}erevod russkich voprositel'nych častic neuželi / razve na francuzskij jazyk [{To} the question about pragmatic equivalents: {{T}}ranslation of {Russian} interrogative particles \textit{neuželi} / \textit{razva} into {F}rench]},
	volume = {2},
	year = {2014}
}

@article{Masur1980,
	author = {Elise Frank Masur and Jean Berko Gleason},
	ids = {masurberko1980},
	journal = {Developmental {P}sychology},
	pages = {404--409},
	title = {Parent-child interaction and the acquisition of lexical information during play},
	volume = {16},
	year = {1980}
}

@article{Marsden2018,
	author = {Marsden, Emma and Thompson, Sophie and Plonsky, Luke},
	journal = {Applied Psycholinguistics},
	number = {5},
	pages = {861--904},
	title = {A methodological synthesis of self-paced reading in second language research},
	volume = {39},
	year = {2018}
}

@article{Maro2021,
	author = {Maro, Maria Di and Origlia, Antonio and Cutugno, Francesco},
	ids = {maro2021},
	journal = {International {J}ournal of {L}inguistics},
	number = {4},
	pages = {14--35},
	title = {Polar express: {{P}}olar question forms expressing bias-evidence conflicts in {I}talian},
	volume = {13},
	year = {2021}
}

@article{Maldonado2023,
	author = {Mora Maldonado and Jennifer Culbertson},
	ids = {maldonado2023you},
	journal = {Glossa: {A} {J}ournal of {G}eneral {L}inguistics},
	number = {1},
	pages = {1--41},
	title = {You say yes, {{I}} say no: {{I}}nvestigating the link between meaning and form in response particles},
	volume = {8},
	year = {2023}
}

@article{Malamud2015,
	author = {Malamud, Sophia A. and Stephenson, Tamina},
	doi = {10.1093/jos/ffu002},
	ids = {malamud15, malamud2015, malamud_three_2014, malsteph2015},
	journal = {Journal of {S}emantics},
	number = {2},
	pages = {275--311},
	title = {Three ways to avoid commitments: {{D}}eclarative force modifiers in the conversational scoreboard},
	volume = {32},
	year = {2015}
}

@article{Ma2006a,
	author = {Ma, Joan K-Y and Ciocca, Valter and Whitehill, Tara L.},
	ids = {Ma+2006a},
	journal = {Journal of the {A}coustic {S}ociety of {A}merica},
	number = {6},
	pages = {3978--3987},
	title = {Effects of intonation on {C}antonese lexical tones},
	volume = {120},
	year = {2006}
}

@article{Liu2021,
	author = {Liu, Mingya and Rotter, Stephanie and Giannakidou, Anastasia},
	ids = {liu2021},
	journal = {Journal of {P}sycholinguistic {R}esearch},
	number = {6},
	pages = {1369--1399},
	title = {Bias and modality in conditionals: {{{{{E}}}}}xperimental evidence and theoretical implications},
	volume = {50},
	year = {2021}
}

@article{Lewis1979,
	author = {Lewis, David},
	ids = {lewis79},
	journal = {Journal of {P}hilosophical {L}ogic},
	number = {1},
	pages = {339--359},
	title = {Scorekeeping in a language game},
	volume = {8},
	year = {1979}
}

@article{Levy2009,
	author = {Levy, Roger and Bicknell, Klinton and Slattery, Tim and Rayner, Keith},
	journal = {Proceedings of the National Academy of Sciences},
	number = {50},
	pages = {21086--21090},
	title = {Eye movement evidence that readers maintain and act on uncertainty about past linguistic input},
	volume = {106},
	year = {2009}
}

@article{Levy2008,
	author = {Levy, Roger},
	journal = {Cognition},
	number = {3},
	pages = {1126--1177},
	title = {Expectation-based syntactic comprehension},
	volume = {106},
	year = {2008}
}

@article{Lemke2021,
	author = {Lemke, Robin and Schäfer, Lisa and Reich, Ingo},
	journal = {{PLOS} {ONE}},
	number = {2},
	pages = {e0246255},
	sortname = {Lemke, Robin and Schafer, Lisa and Reich, Ingo},
	title = {Modeling the predictive potential of extralinguistic context with script knowledge: {{T}}he case of fragments},
	volume = {16},
	year = {2021}
}

@article{Lee2015,
	author = {Lee, Seung-Hee},
	ids = {lee2015two},
	journal = {Discourse {P}rocesses},
	number = {1},
	pages = {21--46},
	title = {Two forms of affirmative responses to polar questions},
	volume = {52},
	year = {2015}
}

@article{Lassiter2016,
	author = {Lassiter, Daniel},
	ids = {lassiter2016},
	journal = {Natural {L}anguage {S}emantics},
	pages = {117--163},
	title = {Must, knowledge, and (in)directness},
	volume = {24},
	year = {2016}
}

@article{Larrivee2022,
	author = {Larrivée, Pierre and Mari, Alda},
	doi = {10.1515/lingvan-2020-0115},
	ids = {larrivee2022},
	journal = {Linguistics {V}anguard},
	number = {s2},
	pages = {219--226},
	sortname = {Larrivee, Pierre and Mari, Alda},
	title = {Interpreting high negation in negative interrogatives: {{T}}he role of the other},
	volume = {8},
	year = {2022}
}

@article{Kurumada2014,
	author = {Kurumada, Chigusa and Brown, Meredith and Bibyk, Sarah and Pontillo, Daniel F. and Tanenhaus, Michael K.},
	ids = {kurumada2014or},
	journal = {Cognition},
	number = {2},
	pages = {335--342},
	title = {Is it or isn't it: {{L}}isteners make rapid use of prosody to infer speaker meanings},
	volume = {133},
	year = {2014}
}

@article{Kuperberg2015,
	author = {Kuperberg, Gina R. and Jaeger, T. Florian},
	journal = {Language, {C}ognition and {N}euroscience},
	number = {1},
	pages = {32--59},
	title = {What do we mean by prediction in language comprehension?},
	volume = {31},
	year = {2015}
}

@article{Kuno2008,
	author = {Kuno, Masakazu},
	ids = {masakuno},
	journal = {Toronto {W}orking {P}apers in {L}inguistics},
	pages = {195--211},
	title = {Negation, focus, and negative concord in {J}apanese},
	volume = {28},
	year = {2008}
}

@article{Kuczaj1977,
	author = {Stan Kuczaj},
	ids = {kuczaj1977},
	journal = {Journal of {V}erbal {L}earning and {V}erbal {B}ehavior},
	pages = {589--600},
	title = {The acquisition of regular and irregular past tense forms},
	volume = {16},
	year = {1977}
}

@article{Kratzer2020,
	author = {Kratzer, Angelika and Selkirk, Elisabeth},
	doi = {10.5334/gjgl.968},
	journal = {Glossa: {A} {J}ournal of {G}eneral {L}inguistics},
	number = {1},
	pages = {113},
	title = {Deconstructing information structure},
	volume = {5},
	year = {2020}
}

@article{Kratzer2004,
	author = {Kratzer, Angelika},
	doi = {10.1515/thli.2004.002},
	journal = {Theoretical {L}inguistics},
	number = {1},
	pages = {123--136},
	title = {Interpreting focus: {{P}}resupposed or expressive meanings? {{A}} comment on {Geurts} and {van der Sandt}},
	volume = {30},
	year = {2004}
}

@article{Kratzer1977,
	author = {Kratzer, Angelika},
	ids = {kratzer1977},
	journal = {Linguistics and {P}hilosophy},
	pages = {337--355},
	title = {What `must' and `can' must and can mean},
	volume = {1},
	year = {1977}
}

@article{Koster2017,
	author = {Koster, Jeremy and McElreath, Richard},
	ids = {Koster+2017},
	journal = {Behavioral {E}cology and {S}ociobiology},
	pages = {138},
	title = {Multinomial analysis of behavior: {S}tatistical methods},
	volume = {71},
	year = {2017}
}

@article{Koike1994,
	author = {Koike, Dale April},
	ids = {koike1994negation},
	journal = {Journal of {P}ragmatics},
	number = {5},
	pages = {513--526},
	title = {Negation in {S}panish and {{{{E}}}}nglish suggestions and requests: {M}itigating effects?},
	volume = {21},
	year = {1994}
}

@article{King1994,
	author = {Tracy Holloway King},
	ids = {king94},
	journal = {Journal of {S}lavic {L}inguistics},
	number = {1},
	pages = {92--120},
	title = {Focus in {R}ussian yes-no questions},
	volume = {2},
	year = {1994}
}

@article{Kidd2018,
	author = {Kidd, E. and Donnelly, Seamus and Christiansen, Morten H.},
	doi = {10.1016/j.tics.2017.11.006},
	ids = {kidd2018aa},
	journal = {Trends in {C}ognitive {S}ciences},
	number = {2},
	pages = {154--169},
	title = {Individual differences in language acquisition and processing},
	volume = {22},
	year = {2018}
}

@article{Katz2011,
	author = {Katz, Jonah and Selkirk, Elisabeth},
	journal = {Language},
	number = {4},
	pages = {771--816},
	title = {Contrastive focus vs. {{D}}iscourse-new: {{{{{{{{E}}}}}}}}vidence from phonetic prominence in {{{{{{{E}}}}}}}nglish},
	url = {http://www.jstor.org/stable/41348860},
	volume = {87},
	year = {2011}
}

@article{Kassai1994,
	author = {Kassai, Ilona},
	ids = {kassai1994},
	journal = {Magyar Nyelv},
	pages = {42--48},
	title = {Nyelvi norma és nyelvhasználat viszonyáról az \textit{-e} kérd{\H o}szó mondatbeli helye(i) kapcsán [{O}n the relation between linguistic norms and language use in connection with the position(s) of the interrogative word \textit{-e} within the sentence]},
	volume = {90},
	year = {1994}
}

@article{Karttunen1977,
	author = {Karttunen, Lauri},
	ids = {karttunen_syntax_1977, Karttunen:1977, karttunen1977syntax},
	journal = {Linguistics and {P}hilosophy},
	pages = {3--44},
	title = {Syntax and semantics of questions},
	volume = {1},
	year = {1977}
}

@article{Kang2019,
	author = {Kang, Arum and Yoon, Suwon},
	ids = {kang2019},
	journal = {Studies in {G}enerative {G}rammar, The {K}orean {G}enerative {G}rammar {C}ircle},
	number = {3},
	pages = {459--483},
	title = {Modalized questions in {K}orean},
	volume = {29},
	year = {2019}
}

@article{KamaliZeijlstraReview,
	author = {Kamali, Beste and Zeijlstra, Hedde},
	doi = {10.3390/languages9110342},
	ids = {kamali-zeijlstra-nc},
	journal = {Languages},
	number = {11},
	page = {342},
	pages = {\biberror{no pages}},
	title = {Negative dependencies in {T}urkish},
	volume = {9},
	year = {2024}
}

@article{Kamali2020a,
	author = {Kamali, Beste and Krifka, Manfred},
	ids = {kamali+krifka, kamali-krifka, Kamali2020},
	journal = {Theoretical {L}inguistics},
	pages = {1--71},
	title = {Focus and contrastive topic in questions and answers, with particular reference to {T}urkish},
	volume = {46},
	year = {2020}
}

@article{Kaiser2004,
	author = {Kaiser, Elsi and Trueswell, John},
	journal = {Cognition},
	number = {2},
	pages = {113--147},
	title = {The role of discourse context in the processing of a flexible word-order language},
	volume = {94},
	year = {2004}
}

@article{Just1982,
	author = {Just, Marcel A. and Carpenter, Patricia A. and Woolley, Jacqueline D.},
	journal = {Journal of Experimental Psychology: General},
	number = {2},
	pages = {228--238},
	title = {Paradigms and processes in reading comprehension},
	volume = {111},
	year = {1982}
}

@article{Just1971,
	author = {Just, Marcel A. and Carpenter, Patricia A.},
	journal = {Journal of Verbal Learning and Verbal Behavior},
	number = {3},
	pages = {244--253},
	title = {Comprehension of negation with quantification},
	volume = {10},
	year = {1971}
}

@article{Jeong2018,
	author = {Jeong, Sunwoo},
	doi = {10.1093/jos/ffy001},
	ids = {jeong18},
	journal = {Journal of {S}emantics},
	pages = {305--356},
	title = {Intonation and sentence type conventions: {{T}}wo types of rising declaratives},
	volume = {35},
	year = {2018}
}

@article{IppolitoFarkas2021,
	author = {Michela Ippolito and Donka F. Farkas},
	doi = {10.1007/s10988-021-09338-7},
	journal = {Linguistics and {P}hilosophy},
	number = {4},
	page = {943--986},
	pages = {\biberror{no pages}},
	title = {Assessing alternatives: {{T}}he case of the presumptive future in {I}talian},
	volume = {45},
	year = {2022}
}

@article{Huettig2011,
	author = {Huettig, Falk and Rommers, Joost and Meyer, Antje S.},
	ids = {huettig2011using},
	journal = {Acta psychologica},
	number = {2},
	pages = {151--171},
	title = {Using the visual world paradigm to study language processing: {{A}} review and critical evaluation},
	volume = {137},
	year = {2011}
}

@article{Huddleston1994,
	author = {Huddleston, Rodney},
	ids = {huddleston94, huddleston1994contrast},
	journal = {Journal of {L}inguistics},
	pages = {411--439},
	title = {The contrast between interrogatives and questions},
	volume = {30},
	year = {1994}
}

@article{Horn1985,
	author = {Laurence R. Horn},
	ids = {horn1985},
	journal = {Language},
	pages = {121--174},
	title = {Metalinguistic negation and pragmatic ambiguity},
	volume = {61},
	year = {1985}
}

@article{Homer2015,
	author = {Homer, Vincent},
	ids = {homer2015},
	journal = {Semantics and {P}ragmatics},
	pages = {1--88},
	title = {Neg-raising and positive polarity: {{T}}he view from modals},
	volume = {8},
	year = {2015}
}

@article{Hohle1988,
	author = {Tilmann Höhle},
	ids = {hoehle88},
	journal = {Sprache und {P}ragmatik},
	pages = {2--7},
	sortname = {Tilmann Hohle},
	title = {Verum-{F}okus},
	volume = {5},
	year = {1988}
}

@article{Hirst1983,
	author = {Daniel Hirst},
	ids = {hirst1983interpreting},
	journal = {Journal of {S}emantics},
	pages = {171--182},
	title = {Interpreting intonation: {A} modular approach},
	volume = {2},
	year = {1983}
}

@article{Hirschberg1995,
	author = {Hirschberg, Julia and Ward, Gregory},
	ids = {hirschberg95},
	journal = {Journal of {P}ragmatics},
	pages = {407--412},
	title = {The interpretation of the high-rise question contour in {{{{E}}}}nglish},
	volume = {24},
	year = {1995}
}

@article{Hirschberg1992,
	author = {Hirschberg, Julia and Ward, Gregory},
	ids = {hirschberg92},
	journal = {Journal of {P}honetics},
	pages = {241--251},
	title = {The influence of pitch range, duration, amplitude and spectral features on the interpretation of the rise-fall-rise intonation contour in {{{{E}}}}nglish},
	volume = {20},
	year = {1992}
}

@article{Heritage2021,
	author = {Heritage, John and Raymond, Chase Wesley},
	ids = {heritage2021preference},
	journal = {Research on {L}anguage and {S}ocial {I}nteraction},
	number = {1},
	pages = {39--59},
	title = {Preference and polarity: {{{{{E}}}}}pistemic stance in question design},
	volume = {54},
	year = {2021}
}

@article{Heritage2012,
	author = {Heritage, John},
	ids = {heritage2012epistemics},
	journal = {Research on language \& social interaction},
	number = {1},
	pages = {1--29},
	title = {Epistemics in action: {{A}}ction formation and territories of knowledge},
	volume = {45},
	year = {2012}
}

@article{Hennoste2017,
	author = {Hennoste, Tiit and Rääbis, Andriela and Laanesoo, Kirsi},
	ids = {hennoste2017polar},
	journal = {{STUF}-{L}anguage {T}ypology and {U}niversals},
	number = {3},
	pages = {523--545},
	sortname = {Hennoste, Tiit and Raabis, Andriela and Laanesoo, Kirsi},
	title = {Polar questions, social actions and epistemic stance},
	volume = {70},
	year = {2017}
}

@article{Heim1992,
	author = {Irene Heim},
	ids = {Heim:1992},
	journal = {Journal of {S}emantics},
	pages = {183--221},
	title = {Presupposition projection and the semantics of attitude verbs},
	volume = {9},
	year = {1992}
}

@article{Hedberg2017,
	author = {Hedberg, Nancy and Sosa, Juan M and Görgülü, Emrah},
	ids = {hedberg17, hedberg_meaning_2017},
	journal = {Corpus {L}inguistics and {L}inguistic {T}heory},
	number = {2},
	pages = {321--368},
	sortname = {Hedberg, Nancy and Sosa, Juan M and Gorgulu, Emrah},
	title = {The meaning of intonation in yes-no questions in {A}merican {{{{E}}}}nglish: {A} corpus study},
	volume = {13},
	year = {2017}
}

@article{Hara2014,
	author = {Hara, Yurie and Kawahara, Shigeto and Feng, Yuli},
	doi = {10.1016/j.lingua.2014.07.006},
	ids = {hara2014},
	journal = {Lingua},
	pages = {92--116},
	title = {The prosody of enhanced bias in {M}andarin and {J}apanese negative questions},
	volume = {150},
	year = {2014}
}

@article{Han2002,
	author = {Han, Chung-Hye},
	journal = {Lingua},
	pages = {201--229},
	title = {Interpreting interrogatives as rhetorical questions},
	volume = {112},
	year = {2002}
}

@article{Hamblin1973,
	author = {Hamblin, Charles Leonard},
	ids = {hamblin1973, hamblin73, hamblin1973questions, Hamblin, hamblin_questions_1973, Hamblin:1973, HAMBLIN1976},
	journal = {Foundations of {L}anguage: {I}nternational {J}ournal of {L}anguage and {P}hilosophy},
	pages = {41--53},
	title = {Questions in {M}ontague {{{{E}}}}nglish},
	volume = {10},
	year = {1973}
}

@article{Hamblin1971,
	author = {Hamblin, Charles L.},
	doi = {10.1111/j.1755-2567.1971.tb00065.x},
	ids = {hamblin71},
	journal = {Theoria},
	number = {2},
	pages = {130--155},
	title = {Mathematical models of dialogue},
	volume = {37},
	year = {1971}
}

@article{Hamblin1958,
	author = {Hamblin, Charles},
	ids = {Hamblin5},
	journal = {The {A}ustralasian {J}ournal of {P}hilosophy},
	pages = {159--168},
	title = {Questions},
	volume = {36},
	year = {1958}
}

@article{Hacquard2012,
	author = {Hacquard, Valentine and Wellwood, Alexis},
	ids = {hacquard2012},
	journal = {Semantics and {P}ragmatics},
	number = {4},
	pages = {1--29},
	title = {{{{{{E}}}}}mbedding epistemic modals in {{{{{{E}}}}}}nglish: {{A}} corpus-based study},
	volume = {5},
	year = {2012}
}

@article{Hacquard2010,
	author = {Hacquard, Valentine},
	ids = {hacquard2010},
	journal = {Natural {L}anguage {S}emantics},
	number = {1},
	pages = {79--114},
	title = {On the event relativity of modal auxiliaries},
	volume = {18},
	year = {2010}
}

@article{Gyuris2017,
	author = {Gyuris, Beáta},
	doi = {10.1163/18773109-00000003},
	ids = {gyuris2017, gyuris2017new, gyuris_new_2016, gyuris-bias},
	journal = {International {R}eview of {P}ragmatics},
	pages = {1--50},
	sortname = {Gyuris, Beata},
	title = {New perspectives on bias in polar questions: {A} study of {{H}ungarian} \textit{-e}},
	volume = {9},
	year = {2017}
}

@article{Gutzmann2020,
	author = {Gutzmann, Daniel and Hartmann, Katharina and Matthewson, Lisa},
	doi = {10.5334/gjgl.347},
	journal = {Glossa: {A} {J}ournal of {G}eneral {L}inguistics},
	number = {1},
	pages = {51},
	title = {Verum focus is verum, not focus},
	volume = {5},
	year = {2020}
}

@article{Gunlogson2008,
	author = {Gunlogson, Christine},
	doi = {10.1075/bjl.22.06gun},
	ids = {gunlogson08, gunlogson_question_2008, gunlogson2008},
	journal = {Belgian {J}ournal of {L}inguistics},
	number = {1},
	pages = {101--136},
	title = {A question of commitment},
	volume = {22},
	year = {2008}
}

@article{Guerzoni2007,
	author = {Guerzoni, Elena and Sharvit, Yael},
	ids = {guerzoni2007, guerzonisharvit2007question},
	journal = {Linguistics and {P}hilosophy},
	pages = {361--391},
	title = {A question of strength: {{O}}n {{{{NPI}}}s} in interrogative clauses},
	volume = {30},
	year = {2007}
}

@article{Guerzoni2004,
	author = {Guerzoni, Elena},
	ids = {guerzoni2004, Guerzoni:2004},
	journal = {Natural {L}anguage {S}emantics},
	pages = {319--343},
	title = {\textit{Even}-{{{{NPI}}}s} in yes/no questions},
	volume = {12},
	year = {2004}
}

@article{Guerra2017,
	author = {Guerra, Ernesto and Knoeferle, Pia},
	ids = {guerra2017visually},
	journal = {Journal of {M}emory and {L}anguage},
	pages = {43--56},
	title = {Visually perceived spatial distance affects the interpretation of linguistically mediated social meaning during online language comprehension: {{A}}n eye tracking reading study},
	volume = {92},
	year = {2017}
}

@article{Guerra2014,
	author = {Guerra, Ernesto and Knoeferle, Pia},
	ids = {guerra2014spatial},
	journal = {Cognition},
	number = {3},
	pages = {535--552},
	title = {Spatial distance effects on incremental semantic interpretation of abstract sentences: {{{{{E}}}}}vidence from eye tracking},
	volume = {133},
	year = {2014}
}

@article{Grice2003,
	author = {Grice, Martine and Savino, Michelina},
	ids = {gricesavino2003map, grice2003map},
	journal = {Catalan {J}ournal of {L}inguistics},
	pages = {153--180},
	title = {Map tasks in {Bari} {I}talian: {A}sking questions about given, accessible and new information},
	volume = {2},
	year = {2003}
}

@article{Goodhue2022b,
	author = {Daniel Goodhue},
	doi = {10.1007/s11050-022-09198-2},
	ids = {goodhue2022nls},
	journal = {Natural {L}anguage {S}emantics},
	number = {4},
	pages = {379--413},
	title = {Isn't there more than one way to bias a polar question?},
	volume = {30},
	year = {2022}
}

@article{Goodhue2022,
	author = {Goodhue, Daniel},
	doi = {10.1093/jos/ffab018},
	ids = {goodhue2022},
	journal = {Journal of {S}emantics},
	number = {1},
	pages = {117--158},
	title = {All Focus is Contrastive: {{O}}n Polarity (Verum) Focus, Answer Focus, Contrastive Focus and Givenness},
	volume = {39},
	year = {2022}
}

@article{Goodhue2018c,
	author = {Goodhue, Daniel and Wagner, Michael},
	ids = {GoodhueWagner2018},
	journal = {Glossa: {A} {J}ournal of {G}eneral {L}inguistics},
	number = {1},
	pages = {1--45},
	title = {Intonation, \textit{yes} and \textit{no}},
	volume = {3},
	year = {2018}
}

@article{Giora2005,
	author = {Giora, Rachel and Fein, Ofer and Ganzi, Jonathan and Alkeslassy Levi, Natalie and Sabah, Hadas},
	ids = {giora2005negation},
	journal = {Discourse {P}rocesses},
	number = {1},
	pages = {81--100},
	title = {On negation as mitigation: {{T}}he case of negative irony},
	volume = {39},
	year = {2005}
}

@article{Giannakidou2021a,
	author = {Giannakidou, Anastasia and Mari, Alda},
	ids = {giannakidoumari2021a},
	journal = {{KNOW}: {A} {J}ournal on the {F}ormation of {K}nowledge},
	number = {2},
	pages = {255--293},
	title = {A linguistic framework for knowledge, belief, and veridicality judgment},
	volume = {5},
	year = {2021}
}

@article{Giannakidou2018b,
	author = {Giannakidou, Anastasia and Mari, Alda},
	ids = {giannakidoumari2018b},
	journal = {Linguistics and {P}hilosophy},
	number = {6},
	pages = {623--664},
	title = {The semantic roots of positive polarity: {{{{{{{{E}}}}}}}}pistemic modal verbs and adverbs in {{{{{{{E}}}}}}}nglish, {G}reek and {I}talian},
	volume = {41},
	year = {2018}
}

@article{Giannakidou2018a,
	author = {Giannakidou, Anastasia and Mari, Alda},
	ids = {giannakidoumari2018a},
	journal = {Natural Language \& Linguistic Theory},
	pages = {85--129},
	title = {A unified analysis of the future as epistemic modality: {{T}}he view from {G}reek and {I}talian},
	volume = {36},
	year = {2018}
}

@article{Giannakidou2009,
	author = {Giannakidou, Anastasia},
	ids = {giannakidou2009},
	journal = {Lingua},
	pages = {1883--1908},
	title = {The dependency of the subjunctive revisited: {{T}}emporal semantics and polarity},
	volume = {119},
	year = {2009}
}

@article{Giannakidou2007,
	author = {Giannakidou, Anastasia},
	ids = {giannakidou2007},
	journal = {Natural {L}anguage \& {L}inguistic {T}heory},
	pages = {39--81},
	title = {The landscape of \textit{even}},
	volume = {25},
	year = {2007}
}

@article{Giannakidou2000,
	author = {Giannakidou, Anastasia},
	ids = {Giannakidou:2000},
	journal = {Natural {L}anguage \& {L}inguistic {T}heory},
	number = {3},
	pages = {457--523},
	title = {Negative... {{C}}oncord?},
	volume = {18},
	year = {2000}
}

@article{Giannakidou1999,
	author = {Giannakidou, Anastasia},
	ids = {giannakidou1999},
	journal = {Linguistics and {P}hilosophy},
	pages = {367--421},
	title = {Affective dependencies},
	volume = {22},
	year = {1999}
}

@article{Geurts2019,
	author = {Geurts, Bart},
	doi = {10.1515/tl-2019-0001},
	ids = {geurts2019},
	journal = {Theoretical {L}inguistics},
	number = {1-2},
	pages = {1--30},
	title = {Communication as commitment sharing: {{S}}peech acts, implicatures, common ground},
	volume = {45},
	year = {2019}
}

@article{Geluykens1988,
	author = {Geluykens, Ronald},
	doi = {10.1016/0378-2166(88)90006-9},
	ids = {geluykens88},
	journal = {Journal of {P}ragmatics},
	number = {4},
	pages = {467--485},
	title = {On the myth of rising intonation in polar questions},
	volume = {12},
	year = {1988}
}

@article{Gartner2023,
	author = {Gärtner, Hans-Martin and Gyuris, Beáta},
	doi = {10.46771/9783967692839_3},
	journal = {Linguistische Berichte},
	page = {359--362},
	pages = {\biberror{no pages}},
	sortname = {Gartner, Hans-Martin and Gyuris, Beata},
	title = {On further delimiting the space of bias profiles for polar interrogatives},
	volume = {275},
	year = {2023}
}

@article{Gartner2022,
	author = {Gärtner, Hans-Martin and Gyuris, Beáta},
	ids = {gaertner+gyuris2022},
	journal = {Studia {L}inguistica},
	pages = {661--683},
	sortname = {Gartner, Hans-Martin and Gyuris, Beata},
	title = {On the absence of propositional negation from {H}ungarian polar \textit{-e} interrogatives},
	volume = {76},
	year = {2022}
}

@article{Gartner2017,
	author = {Gärtner, Hans-Martin and Gyuris, Beáta},
	ids = {gartner2017, gartnergyuris2017delimiting, gyuris17, gaertner+gyuris17, gaertner_delimiting_2017},
	journal = {Linguistische {B}erichte},
	pages = {293--316},
	sortname = {Gartner, Hans-Martin and Gyuris, Beata},
	title = {On delimiting the space of bias profiles for polar interrogatives},
	volume = {251},
	year = {2017}
}

@article{Gartner2012,
	author = {Gärtner, Hans-Martin and Gyuris, Beáta},
	ids = {gaertner+gyuris12},
	journal = {Acta {L}inguistica {H}ungarica},
	pages = {387--426},
	sortname = {Gartner, Hans-Martin and Gyuris, Beata},
	title = {Pragmatic markers in {H}ungarian: {S}ome introductory remarks},
	volume = {59},
	year = {2012}
}

@article{Friedmann2021,
	author = {Naama Friedmann and Adriana Belletti and Luigi Rizzi},
	doi = {10.16995/glossa.5877},
	ids = {friedmannetal2021},
	journal = {Glossa: {A} {J}ournal of {G}eneral {L}inguistics},
	number = {1},
	pages = {1--38},
	title = {Growing trees: {{T}}he acquisition of the left periphery},
	volume = {6},
	year = {2021}
}

@article{Frana2019a,
	author = {Frana, Ilaria and Rawlins, Kyle},
	ids = {frana2019a, Frana},
	journal = {Semantics and {P}ragmatics},
	pages = {1--48},
	title = {Attitudes in discourse: {I}talian polar questions and the particle \textit{mica}},
	volume = {12},
	year = {2019}
}

@article{Fraenkel2008,
	author = {Fraenkel, Tamar and Schul, Yaacov},
	ids = {fraenkel2008meaning},
	journal = {Intercultural {P}ragmatics},
	number = {4},
	pages = {517--540},
	title = {The meaning of negated adjectives},
	volume = {5},
	year = {2008}
}

@article{Fischler1983,
	author = {Fischler, Ira and Bloom, Paul A. and Childers, Donald G. and Roucos, Salim E. and Perry, Nathan W. Jr.},
	ids = {fischler1983brain},
	journal = {Psychophysiology},
	number = {4},
	pages = {400--409},
	title = {Brain potentials related to stages of sentence verification},
	volume = {20},
	year = {1983}
}

@article{Fery2006,
	author = {Féry, Caroline and Samek-Lodovici, Vieri},
	journal = {Language},
	number = {1},
	pages = {131--150},
	sortname = {Fery, Caroline and Samek-Lodovici, Vieri},
	title = {Focus projection and prosodic prominence in nested foci},
	volume = {82},
	year = {2006}
}

@article{Ferreira1996b,
	author = {Fernanda Ferreira and John M. Henderson and Michael D. Anes and Phillip A. Weeks and David K. McFarlane},
	ids = {ferreira1996effects},
	journal = {Journal of Experimental Psychology: Learning, Memory, and Cognition},
	number = {2},
	pages = {324--335},
	title = {{{{{{E}}}}}ffects of lexical frequency and syntactic complexity in spoken-language comprehension: {{{{{{{E}}}}}}}vidence from the auditory moving-window technique},
	volume = {22},
	year = {1996}
}

@article{Ferreira1996a,
	author = {Fernanda Ferreira and Michael D. Anes and Matthew D. Horine},
	ids = {ferreira1996exploring},
	journal = {Journal of Psycholinguistic Research},
	number = {2},
	pages = {273--290},
	title = {Exploring the use of prosody during language comprehension using the auditory moving window technique},
	volume = {25},
	year = {1996}
}

@article{Farkas2022,
	author = {Donka Farkas},
	doi = {10.1093/jos/ffac001},
	ids = {farkas2022},
	journal = {Journal of {S}emantics},
	number = {2},
	pages = {295--337},
	title = {Non-intrusive questions as a special type of non-canonical questions},
	volume = {39},
	year = {2022}
}

@article{Farkas2017,
	author = {Farkas, Donka F. and Roelofsen, Floris},
	doi = {10.1093/jos/ffw012},
	ids = {farkas17, FR2017, farkas-roelofsen-division, Farkas+2017},
	journal = {Journal of {S}emantics},
	number = {2},
	pages = {237--289},
	title = {Division of Labor in the Interpretation of Declaratives and Interrogatives},
	volume = {34},
	year = {2017}
}

@article{Farkas2010,
	author = {Farkas, Donka and Bruce, Kim},
	doi = {10.1093/jos/ffp010},
	ids = {farkas10, farkasbruce2010reacting, FB, farkas+bruce10, Farkas+2010, farkasbruce2010},
	journal = {Journal of {S}emantics},
	pages = {81--118},
	title = {On reacting to assertions and polar questions},
	volume = {27},
	year = {2010}
}

@article{Esteve-Gibert2020,
	author = {Esteve-Gibert, Núria and Schafer, Amy J. and Hemforth, Barbara and Portes, Cristel and Pozniak, Céline and D'Imperio, Mariapaola},
	doi = {10.3758/s13421-019-00990-w},
	ids = {esteveetal2020},
	journal = {Memory \& {C}ognition},
	number = {4},
	pages = {566--580},
	sortname = {Esteve-Gibert, Nuria and Schafer, Amy J. and Hemforth, Barbara and Portes, Cristel and Pozniak, Celine and D'Imperio, Mariapaola},
	title = {Empathy influences how listeners interpret intonation and meaning when words are ambiguous},
	volume = {48},
	year = {2020}
}

@article{Escandell-Vidal2017,
	author = {Escandell-Vidal, Victoria},
	ids = {escandell-vidal_intonation_2017},
	journal = {Language and {S}peech},
	number = {2},
	pages = {224--241},
	title = {Intonation and evidentiality in {S}panish polar interrogatives},
	volume = {60},
	year = {2017}
}

@article{Ernst2009,
	author = {Ernst, Thomas},
	ids = {ernst2009},
	journal = {Natural {L}anguage \& {L}inguistic {T}heory},
	pages = {497--544},
	title = {Speaker-oriented adverbs},
	volume = {27},
	year = {2009}
}

@article{Duffield2007,
	author = {Nigel Duffield},
	ids = {Duffield:2007},
	journal = {Linguistics},
	pages = {765--814},
	title = {Aspects of {V}ietnamese clausal structure: {{S}}eparating tense from assertion},
	volume = {45},
	year = {2007}
}

@article{Dom2017,
	author = {Domaneschi, Filippo and Romero, Maribel and Braun, Bettina},
	doi = {10.5334/gjgl.27},
	ids = {domaneschi2017, Domaneschi2017, domaneschi2017bias, domaneschietal, Domaneschi, domaneschi_bias_2017, Domaneschi17},
	journal = {Glossa: {A} {J}ournal of {G}eneral {L}inguistics},
	number = {1},
	pages = {23},
	title = {Bias in polar questions: {{{{{{{E}}}}}}}vidence from {{{{{{{E}}}}}}}nglish and {G}erman production experiments},
	volume = {2},
	year = {2017}
}

@article{Delahunty2000,
	author = {Delahunty, Gerald P. and Gatzkiewicz, Laura},
	ids = {delahunty+gatzkiewicz},
	journal = {Pragmatics},
	pages = {301--322},
	title = {On the {S}panish inferential construction \textit{ser que}},
	volume = {10},
	year = {2000}
}

@article{Delahunty1990,
	author = {Delahunty, Gerald},
	ids = {delahunty1990},
	journal = {{K}ansas {W}orking {P}apers of {L}inguistics},
	pages = {1--28},
	title = {Inferentials: {T}he story of a forgotten evidential},
	volume = {15},
	year = {1990}
}

@article{Dehe2020,
	author = {Dehé, Nicole and Braun, Bettina},
	ids = {Dehe+2020},
	journal = {Journal of {G}ermanic {L}inguistics},
	number = {1},
	pages = {1--42},
	sortname = {Dehe, Nicole and Braun, Bettina},
	title = {The Intonation of Information-Seeking and Rhetorical Questions in {I}celandic},
	volume = {32},
	year = {2020}
}

@article{Dehe2019,
	author = {Dehé, Nicole and Braun, Bettina},
	ids = {Dehe+2019},
	journal = {{E}nglish {L}anguage and {L}inguistics},
	number = {4},
	pages = {1--29},
	sortname = {Dehe, Nicole and Braun, Bettina},
	title = {The prosody of rhetorical questions in {{{{E}}}}nglish},
	volume = {24},
	year = {2019}
}

@article{Dehe2013,
	author = {Nicole Dehé and Bettina Braun},
	doi = {10.1017/S1360674312000342},
	ids = {dehebraun2013},
	journal = {{E}nglish {L}anguage and {L}inguistics},
	number = {1},
	pages = {129--156},
	sortname = {Nicole Dehe and Bettina Braun},
	title = {The prosody of question tags in {{{{E}}}}nglish},
	volume = {17},
	year = {2013}
}

@article{Degen2019,
	author = {Degen, Judith and Trotzke, Andreas and Scontras, Gregory and Wittenberg, Eva and Goodman, Noah D.},
	journal = {Journal of {P}ragmatics},
	pages = {33--48},
	title = {Definitely, maybe: {{A}} new experimental paradigm for investigating the pragmatics of evidential devices across languages},
	volume = {140},
	year = {2019}
}

@article{Declerck1992,
	author = {Declerck, Renaat},
	ids = {declerck1992},
	journal = {Lingua},
	pages = {203--230},
	title = {The inferential \textit{it is that}-construction and its congeners},
	volume = {87},
	year = {1992}
}

@article{DeLancey2001,
	author = {DeLancey, Scott},
	doi = {10.1016/S0378-2166(01)80001-1},
	ids = {DELANCEY2001369},
	journal = {Journal of {P}ragmatics},
	number = {3},
	pages = {369--382},
	title = {The mirative and evidentiality},
	volume = {33},
	year = {2001}
}

@article{Dayal1998,
	author = {Veneeta Dayal},
	ids = {Dayal:1998},
	journal = {Linguistics and {P}hilosophy},
	pages = {433--476},
	title = {\textit{Any} as inherently modal},
	volume = {21},
	year = {1998}
}

@article{Darley2020,
	author = {Darley, Emily J. and Kent, Christopher and Kazanina, Nina},
	doi = {10.1016/j.cognition.2019.104084},
	journal = {Cognition},
	pages = {104084},
	title = {A `no' with a trace of `yes': {{A}} mouse-tracking study of negative sentence processing},
	volume = {198},
	year = {2020}
}

@article{Dale2011,
	author = {Dale, Rick and Duran, Nicholas D.},
	journal = {Cognitive {S}cience},
	number = {5},
	pages = {983--996},
	title = {The cognitive dynamics of negated sentence verification},
	volume = {35},
	year = {2011}
}

@article{DImperio2002,
	author = {D'Imperio, Mariapaola},
	ids = {dimperio2002},
	journal = {Probus},
	number = {1},
	pages = {37--69},
	sortname = {D'Imperio, Mariapaola},
	title = {{I}talian intonation: {{A}}n overview and some questions},
	volume = {14},
	year = {2002}
}

@article{Crone2018,
	author = {Crone, Phil},
	doi = {10.1093/jos/ffy006},
	journal = {Journal of {S}emantics},
	number = {1},
	pages = {53--97},
	title = {Assertions of clarity \& raising awareness},
	volume = {36},
	year = {2018}
}

@article{CrespoSendra2013,
	author = {Crespo Sendra, Verònica and Kaland, Constantijn and Swerts, Marc and Prieto, Pilar},
	doi = {10.1016/j.pragma.2012.08.008},
	ids = {cresposendra13},
	journal = {Journal of {P}ragmatics},
	number = {1},
	pages = {1--13},
	sortname = {Crespo Sendra, Veronica and Kaland, Constantijn and Swerts, Marc and Prieto, Pilar},
	title = {Perceiving incredulity: {{T}}he role of intonation and facial gestures},
	volume = {47},
	year = {2013}
}

@article{Conklin2016,
	author = {Conklin, Kathy and Pellicer-Sánchez, Ana},
	journal = {Second {L}anguage {R}esearch},
	number = {3},
	pages = {453--467},
	sortname = {Conklin, Kathy and Pellicer-Sanchez, Ana},
	title = {Using eye-tracking in applied linguistics and second language research},
	volume = {32},
	year = {2016}
}

@article{Cohen2014,
	author = {Ariel Cohen and Manfred Krifka},
	ids = {cohenkrifka2014},
	journal = {Linguistics and {P}hilosophy},
	pages = {41--90},
	title = {Superlative quantifiers and meta-speech acts},
	volume = {37},
	year = {2014}
}

@article{Ciardelli2017b,
	author = {Ciardelli, Ivano and Theiler, Nadine and Roelofsen, Floris},
	doi = {10.1007/s10988-016-9195-2},
	ids = {Ciardelli2017},
	journal = {Linguistics and {P}hilosophy},
	pages = {1--36},
	title = {Priors in semantics: {A} case study of polarity particles},
	volume = {40},
	year = {2017}
}

@article{Ciardelli2017a,
	author = {Ivano Ciardelli and Nadine Theiler and Floris Roelofsen},
	doi = {10.1007/s10988-016-9195-2},
	ids = {Ciardelli+2017},
	journal = {Linguistics and {P}hilosophy},
	pages = {1--36},
	title = {Composing alternatives},
	volume = {40},
	year = {2017}
}

@article{Ciardelli2013,
	author = {Ciardelli, Ivano and Groenendijk, Jeroen and Roelofsen, Floris},
	ids = {ciardelli2013},
	journal = {Language and {L}inguistics {C}ompass},
	number = {9},
	pages = {459--476},
	title = {Inquisitive semantics: {{A}} new notion of meaning},
	volume = {7},
	year = {2013}
}

@article{Chierchia1998,
	author = {Gennaro Chierchia},
	journal = {Natural {L}anguage {S}emantics},
	pages = {339--405},
	title = {Reference to kinds across languages},
	volume = {6},
	year = {1998}
}

@article{Cerruti2011,
	author = {Cerruti, Massimo},
	ids = {Cerruti11},
	journal = {International {J}ournal of the {S}ociology of {L}anguage},
	pages = {9--28},
	title = {Regional varieties of {I}talian in the linguistic repertoire},
	volume = {210},
	year = {2011}
}

@article{Cattell1973,
	author = {Cattell, Ray},
	journal = {Language},
	number = {3},
	pages = {612--639},
	title = {Negative transportation and tag questions},
	url = {http://www.jstor.org/stable/412354},
	volume = {49},
	year = {1973}
}

@article{Cangemi2016,
	author = {Cangemi, Francesco and Grice, Martine},
	doi = {10.5334/labphon.28},
	ids = {cangemigrice2016},
	journal = {Laboratory {P}honology},
	number = {1},
	pages = {1--20},
	title = {The importance of a distributional approach to categoriality in autosegmental-metrical accounts of intonation},
	volume = {7},
	year = {2016}
}

@article{Buring2003,
	author = {Büring, Daniel},
	ids = {buring2003},
	journal = {Linguistics and {P}hilosophy},
	pages = {511--545},
	sortname = {Buring, Daniel},
	title = {On {D}-trees, beans, and {B}-accents},
	volume = {26},
	year = {2003}
}

@article{Bruening2006,
	author = {Benjamin Bruening and Thuan Tran},
	ids = {Bruening:2006a},
	journal = {Journal of {E}ast {A}sian {L}inguistics},
	number = {4},
	pages = {319--341},
	title = {{{{Wh}}}-questions in {V}ietnamese},
	volume = {15},
	year = {2006}
}

@article{Braun2018,
	author = {Braun, Bettina and Dehé, Nicole and Neitsch, Jana and Wochner, Daniela and Zahner, Katharina},
	ids = {Braun+2018},
	journal = {Language and {S}peech},
	pages = {779--807},
	sortname = {Braun, Bettina and Dehe, Nicole and Neitsch, Jana and Wochner, Daniela and Zahner, Katharina},
	title = {The Prosody of Rhetorical and Information-seeking Questions in {G}erman},
	volume = {62},
	year = {2018}
}

@article{BorrasComes2019,
	author = {Borràs-Comes, Joan and Kiagia, Evangelia and Prieto, Pilar},
	ids = {BorKiaPrieto2019},
	journal = {Journal of {P}ragmatics},
	pages = {39--52},
	sortname = {Borras-Comes, Joan and Kiagia, Evangelia and Prieto, Pilar},
	title = {{{{{{E}}}}}pistemic intonation and epistemic gesture are mutually co-expressive: {{{{{{{E}}}}}}}mpirical results from two intonation-gesture matching tasks},
	volume = {150},
	year = {2019}
}

@article{BorrasComes2014,
	author = {Borràs-Comes, Joan and Vanrell, Maria del Mar and Prieto, Pilar},
	ids = {borras-Comes2014aa},
	journal = {Journal of the {I}nternational {P}honetic {A}ssociation},
	number = {1},
	pages = {1--20},
	sortname = {Borras-Comes, Joan and Vanrell, Maria del Mar and Prieto, Pilar},
	title = {The role of pitch range in establishing intonational contrasts},
	volume = {44},
	year = {2014}
}

@article{Blochowiak2018,
	author = {Blochowiak, Joanna and Grisot, Cristina},
	journal = {Glossa: {A} {J}ournal of {G}eneral {L}inguistics},
	number = {1},
	pages = {1--23},
	title = {The pragmatics of descriptive and metalinguistic negation: {{{{{E}}}}}xperimental data from {F}rench},
	volume = {3},
	year = {2018}
}

@article{Bledin2020,
	author = {Bledin, Justin and Rawlins, Kyle},
	doi = {10.1093/jos/ffz015},
	ids = {BledinRawlins},
	journal = {Journal of {S}emantics},
	number = {1},
	pages = {43--82},
	title = {Resistance and Resolution: {A}ttentional Dynamics in Discourse},
	volume = {37},
	year = {2020}
}

@article{Biezma2012,
	author = {Biezma, María and Rawlins, Kyle},
	ids = {BR, biezma-rawlins12},
	journal = {Linguistics and {P}hilosophy},
	number = {5},
	pages = {361--406},
	sortname = {Biezma, Maria and Rawlins, Kyle},
	title = {Responding to alternative and polar questions},
	volume = {35},
	year = {2012}
}

@article{Bhatt2020,
	author = {Bhatt, Rajesh and Dayal, Veneeta},
	doi = {10.1007/s11049-020-09464-0},
	ids = {bhatt-dayal},
	journal = {Natural {L}anguage \& {L}inguistic {T}heory},
	pages = {1115--1144},
	title = {Polar question particles: {H}indi-{{U}}rdu \textit{kya}},
	volume = {38},
	year = {2020}
}

@article{Bennett1977,
	author = {Michael Bennett},
	ids = {bennett1977response},
	journal = {Linguistics and {P}hilosophy},
	pages = {279--300},
	title = {A response to {K}arttunen},
	volume = {1},
	year = {1977}
}

@article{Beltrama2018,
	author = {Beltrama, Andrea},
	doi = {10.1093/semant/ffx021},
	journal = {Journal of {S}emantics},
	number = {2},
	pages = {219--261},
	title = {Totally between subjectivity and discourse. {{{{{E}}}}}xploring the pragmatic side of intensification},
	volume = {35},
	year = {2018}
}

@article{Beaver2011,
	author = {Beaver, David and Velleman, Dan},
	doi = {10.1016/j.lingua.2011.04.004},
	journal = {Lingua},
	number = {11},
	pages = {1671--1692},
	title = {The communicative significance of primary and secondary accents},
	url = {https://www.sciencedirect.com/science/article/pii/S0024384111000751},
	volume = {121},
	year = {2011}
}

@article{Barnes2012,
	author = {Barnes, Jonathan and Veilleux, Nanette and Brugos, Alejna and Shattuck-Hufnagel, Stefanie},
	ids = {barnes12},
	journal = {Laboratory {P}honology},
	number = {2},
	pages = {337--383},
	title = {Tonal center of gravity: {{A}} global approach to tonal implementation in a level-based intonational phonology},
	volume = {3},
	year = {2012}
}

@article{Baranzini2019,
	author = {Baranzini, Laura and Mari, Alda},
	ids = {baranzini2019},
	journal = {Journal of {P}ragmatics},
	pages = {116--138},
	title = {From epistemic modality to concessivity: {{A}}lternatives and pragmatic reasoning per absurdum},
	volume = {142},
	year = {2019}
}

@article{Baranov1986,
	author = {Baranov, Anatolij Nikolaevič},
	ids = {baranov86},
	journal = {Zeitschrift für {S}lavistik},
	pages = {119--131},
	sortname = {Baranov, Anatolij Nikolaevic},
	title = {`Predpoloženie' vs `fakt': \textit{neuželi} vs \textit{razve} [`{S}upposition' vs `fact': \textit{neuželi} vs \textit{razve}]},
	volume = {1},
	year = {1986}
}

@article{BarLev2020,
	author = {Moshe Bar-Lev and Danny Fox},
	ids = {barlevfox2020free},
	journal = {Natural {L}anguage {S}emantics},
	pages = {175--223},
	title = {Free choice, simplification, and innocent inclusion},
	volume = {28},
	year = {2020}
}

@article{Banziger2005,
	author = {Bänziger, Tanja and Scherer, Klaus R.},
	doi = {10.1016/j.specom.2005.02.016},
	ids = {banziger05},
	journal = {Speech {C}ommunication},
	number = {3},
	pages = {252--267},
	sortname = {Banziger, Tanja and Scherer, Klaus R.},
	title = {The role of intonation in emotional expressions},
	volume = {46},
	year = {2005}
}

@article{Baltazani2020,
	author = {Baltazani, Mary and Gryllia, Stella and Arvaniti, Amalia},
	doi = {10.1177/0023830918823236},
	ids = {Baltazanietal2020},
	journal = {Language and {S}peech},
	number = {1},
	pages = {56--94},
	title = {The intonation and pragmatics of {G}reek wh-questions},
	volume = {63},
	year = {2020}
}

@article{Asher2001,
	author = {Asher, Nicholas and Lascarides, Alex},
	ids = {asher+lascarides2001},
	journal = {Synthese},
	pages = {183--228},
	title = {Indirect speech acts},
	volume = {129},
	year = {2001}
}

@article{Arnhold2021,
	author = {Arnhold, Anja and Braun, Bettina and Romero, Maribel},
	doi = {10.1177/0023830920914315},
	ids = {arnhold2021},
	journal = {Language and {S}peech},
	number = {1},
	pages = {141--180},
	title = {Aren't prosody and syntax marking bias in questions?},
	volume = {64},
	year = {2021}
}

@article{Armstrong2017,
	author = {Armstrong, Meghan E.},
	ids = {armstrong2017accounting},
	journal = {Probus},
	number = {1},
	pages = {1--40},
	title = {Accounting for intonational form and function in {P}uerto {R}ican {S}panish polar questions},
	volume = {29},
	year = {2017}
}

@article{Armstrong2015,
	author = {Armstrong, Meghan E. and Prieto, Pilar},
	ids = {armstrong2015contribution},
	journal = {Journal of {P}ragmatics},
	pages = {77--92},
	title = {The contribution of context and contour to perceived belief in polar questions},
	volume = {81},
	year = {2015}
}

@article{Anderson1991,
	author = {Anderson, Anne H. and Bader, Miles and Bard, Ellen Gurman and Boyle, Elizabeth and Doherty, Gwyneth and Garrod, Simon and Isard, Stephen and Kowtko, Jacqueline and McAllister, Jan and Miller, Jim and Sotillo, Catherine and Thompson, Henry S. and Weinert, Regina},
	journal = {Language and {S}peech},
	number = {4},
	pages = {351--366},
	title = {The {{{{HCRC}}}} {M}ap {T}ask {C}orpus},
	volume = {34},
	year = {1991}
}

@article{Altmann1988,
	author = {Altmann, Gerry and Steedman, Mark},
	ids = {altmann_1988},
	journal = {Cognition},
	pages = {191--238},
	title = {Interaction with context during human sentence processing},
	volume = {30},
	year = {1988}
}

@article{Abrusan2011,
	author = {Abrusán, Márta},
	ids = {abrusan2011},
	journal = {Natural {L}anguage {S}emantics},
	pages = {257--321},
	sortname = {Abrusan, Marta},
	title = {Presuppositional and negative islands: {A} semantic account},
	volume = {19},
	year = {2011}
}